4330 6424
329 348 382 402 iiio
569 337 652 391 nic.
683 336 810 390 XXXV.
832 336 865 387 ’4.
911 333 947 388 Sl
984 330 1056 384 ent
1091 327 1210 392 rhun,
1245 325 1364 391 QUAM
1397 321 1672 381 PER‘LEGBH
1706 322 1798 379 ETC.

329 485 445 545 nunptios,
456 493 529 538 qoem
543 491 588 537 per
598 477 679 534 legem
690 474 832 522 Fulcinium
842 473 961 535 licuerit,
974 469 1079 532 ceperit,
1089 469 1171 516 reiut.
1207 471 1329 525 sequente
1340 468 1493 514 rennuente
1503 466 1578 515 heres
1588 465 1710 528 scriptus,
1729 466 1757 512 iu
1768 478 1819 523 qno
1830 465 1949 525 tegetum
1959 462 2009 513 iste
2018 463 2056 513 ls·

329 558 386 613 §.in
410 551 476 595 idem
489 547 605 592 lulianus
617 543 720 588 scribit:
744 555 814 600 enni,
835 536 1172 597 cuiquedremmueonii-
1207 536 1326 595 guterius
1341 547 1395 581 uon
1414 538 1556 592 receperat,
1576 534 1692 581 tliccmns
1712 533 1838 580 committi
1856 532 2056 591 stipulstiouctn

329 622 412 672 tione,
434 609 828 668 etdoilrsnspureiegutnsest,
851 607 1055 664 cureredelrere,
1076 607 1171 661 qusnto
1208 607 1314 663 propter
1324 601 1375 648 viri
1387 602 1448 648 boni
1460 601 1604 648 sriitrium.
1641 602 1703 659 Μ.
1724 598 2057 660 litgenerslitcrutricuu·

328 685 447 744 emptius,
467 694 542 738 quem
554 692 598 736 per
608 677 690 734 legem
702 675 842 720 l'eiciiism
854 674 940 735 licent,
961 672 1068 730 ceperit,
1091 670 1171 716 redii.
1207 681 1257 729 qne
1267 669 1445 730 hereditsteus,
1457 668 1498 714 vei
1508 667 1690 728 quantitatem,
1711 667 1754 714 vel
1764 667 1973 714 emolumentum
1984 680 2055 725 prse-

329 756 352 814 ς.
366 756 389 797 9.
400 752 467 796 lisso
478 745 612 805 stipulatio
624 745 681 789 ideo
693 742 776 787 locum
788 742 874 799 hebet,
885 740 953 799 quie,
972 738 1022 784 etsi
1034 737 1116 795 repeti
1127 750 1173 793 po·
1208 736 1277 782 stitit
1288 736 1310 782 is
1317 771 1325 800 ,
1347 735 1390 794 qui
1400 733 1627 794 insimulatione
1643 734 1694 780 sibi
1714 738 1902 794 prospexerat,
1923 733 2058 780 dicendum

329 824 383 866 test
393 817 428 876 ii,
439 815 505 874 quod
517 813 630 857 solutum
641 814 689 870 est,
702 814 787 855 temen
797 808 853 855 fleri
866 812 957 867 potent,
970 809 998 850 ut
1009 818 1061 849 non
1074 803 1108 848 sit
1120 803 1173 848 sol·
1208 806 1257 863 est,
1267 804 1303 850 ibi
1316 802 1441 850 committi
1452 816 1516 858 estu,
1528 802 1551 846 si
1563 800 1641 848 motio
1654 801 1730 861 culpe
1740 802 1812 848 slsest
1823 802 1856 847 sb
1867 814 1910 864 eo,
1921 799 1966 858 qui
1977 802 2057 859 stipu-

329 884 456 944 rendois,
479 879 709 936 cuisolutumest,
729 875 988 934 ucperhocpereut,
1009 871 1174 928 quotiacum
1209 870 1335 917 istusest.
1372 872 1394 929 i·
1406 873 1430 915 9.
1450 868 1603 922 Quaesitum
1614 871 1669 916 cst:
1691 870 1841 928 ennepius
1862 868 2058 915 committstnri

331 958 379 1001 est.
415 952 489 1010 §.in
501 950 531 993 tn
542 946 633 992 mortis
644 956 719 989 ceusu
729 956 829 1000 quoque
840 941 1026 987 donationibus
1036 941 1122 997 potest
1135 936 1174 980 ii-
1209 937 1242 982 lit
1252 938 1345 997 piueet,
1355 938 1433 984 etism
1443 936 1545 994 saepius
1558 948 1614 981 esm
1625 937 1764 999 committi,
1784 937 1965 996 siperpsrtes
1975 936 2059 983 sbtsts

329 1022 368 1081 ci,
388 1014 661 1073 lssncstipulstionem
677 1024 733 1056 esse
749 1008 971 1066 interponendum.
1008 1009 1031 1065 ς.
1046 1007 1084 1050 ii.
1106 1003 1175 1048 lisec
1209 1005 1243 1049 sit
1254 1004 1393 1050 heredites.
1428 1004 1504 1062 §.lin
1519 1002 1547 1049 Si
1558 1001 1672 1062 legetnm
1682 1002 1763 1050 luerit
1774 1002 1934 1062 preestitnus
1944 1007 2008 1063 ente
2017 1001 2058 1048 iu·

318 1088 410 1134 uerus
420 1080 614 1142 stipulstionis:
635 1079 703 1139 quod
711 1078 824 1136 ampiius
836 1078 982 1136 legatorios
992 1073 1093 1118 sorsin
1103 1083 1174 1127 cepe·
1209 1069 1361 1129 teipositum
1372 1070 1437 1116 issue
1447 1068 1654 1131 stipulationem,
1664 1083 1698 1115 su
1708 1071 1809 1117 couiici
1820 1070 1915 1131 possit,
1929 1072 1958 1115 nt
1972 1069 2058 1115 csutiu

331 1156 385 1208 ris,
406 1164 484 1213 quous
495 1163 508 1194 e
519 1149 574 1208 iege
585 1146 708 1193 Falcidia
718 1157 811 1202 capere
821 1144 922 1203 licebit,
943 1152 998 1185 non
1008 1142 1106 1184 tuntum
1118 1149 1174 1183 cnut
1210 1138 1260 1184 ists
1270 1138 1454 1196 interponatur
1465 1138 1476 1183 t
1496 1137 1586 1182 lloret
1596 1137 1782 1198 quaestionem,
1804 1136 1874 1196 quoti
1885 1150 1926 1199 es,
1938 1151 2005 1195 quse
2014 1150 2059 1196 pes

331 1217 559 1276 comprehendunt,
572 1214 616 1270 qui
627 1211 735 1269 emplius
746 1210 855 1267 occepit,
866 1222 941 1268 quem
952 1208 976 1253 ei
988 1205 1104 1251 Fsieiiis
1114 1217 1175 1261 per·
1210 1219 1324 1253 errorem
1335 1205 1432 1251 omisso
1442 1202 1484 1249 rei
1495 1202 1583 1249 solutu
1593 1206 1663 1266 sunt,
1673 1203 1774 1250 condiri
1785 1206 1910 1262 possunt;
1928 1210 1954 1251 et
1963 1204 2006 1249 hic
2015 1217 2058 1250 er-

329 1288 410 1345 misit‚
423 1288 453 1329 ut
464 1282 553 1329 rediet
563 1283 670 1339 purtem,
690 1277 780 1322 hubent
792 1282 899 1337 purtem,
921 1286 1010 1320 verum
1021 1272 1098 1318 etium
1109 1283 1174 1329 enm,
1210 1286 1243 1331 go
1255 1273 1327 1332 qussi
1338 1272 1397 1332 plus
1408 1271 1524 1318 solutum
1533 1269 1638 1317 ridetur
1649 1283 1682 1318 ex
1693 1284 1735 1332 eo,
1747 1269 1813 1329 quoti
1825 1271 1915 1317 contio
1927 1270 2059 1316 intermis-

330 1355 374 1412 qni
386 1356 469 1398 totum
481 1350 554 1395 cenet
566 1347 715 1394 restituere.
750 1343 854 1388 Etenim
870 1342 1001 1388 sciendum
1018 1344 1072 1393 est,
1093 1339 1176 1395 legem
1209 1343 1297 1387 sscst.
1332 1340 1366 1385 Et
1386 1340 1424 1385 sit
1444 1339 1617 1398 Pomponius:
1638 1337 1829 1385 condictionem
1850 1336 2060 1395 interponeuise
2147 1364 2148 1389 ,

328 1415 613 1466 Fslciiisminterilnm
624 1416 721 1470 purtem
734 1410 798 1470 eius,
810 1409 876 1465 quod
887 1410 1030 1466 detumeat,
1046 1405 1175 1451 interium
1210 1407 1389 1454 sstisistionis
1401 1406 1486 1464 gretie
1495 1409 1648 1465 competere.
1683 1405 1716 1451 Et
1737 1409 1800 1465 puto
1819 1404 1870 1451 noe
1889 1400 2060 1465 pt'olruninn,
2147 1410 2148 1415 ’

331 1491 560 1533 totnmrerocsre.
595 1484 678 1535 Quum
694 1477 762 1521 euim
778 1476 862 1521 truite
882 1476 985 1522 rutione
1008 1472 1076 1518 seris
1095 1469 1175 1517 slieni
1211 1475 1279 1531 quoi
1290 1473 1447 1532 Pomponius
1457 1473 1494 1520 sit
1505 1472 1629 1519 utilitstis
1640 1471 1733 1530 urstis.
1798 1472 1802 1481 ”

331 1552 451 1601 Fulcitlis
460 1550 564 1595 ineotur
573 1582 580 1607 ,
600 1542 863 1604 plerumqueeveutt,
884 1546 912 1587 ut
923 1543 1071 1598 emergente
1081 1537 1176 1597 tlebito,
1256 1543 1298 1586 tv.
1317 1540 1403 1587 Persei
1409 1553 1444 1586 sss
1454 1541 1521 1586 libro
1531 1538 1640 1587 nm.
1651 1539 1689 1585 oti
1696 1539 1825 1586 Edictum.
1837 1539 1911 1587 neec
1920 1542 2012 1586 sutem
2021 1549 2060 1584 ss-

332 1621 375 1667 vet
388 1617 539 1666 conditione
550 1614 619 1660 seris
629 1609 709 1655 ulieni
720 1607 863 1655 exsistente
874 1612 965 1668 totum,
986 1607 1054 1664 qnod
1064 1606 1176 1663 legetnm
1211 1606 1318 1654 fisisiio
1329 1607 1412 1653 locum
1423 1606 1507 1666 iubet,
1514 1606 1537 1652 si
1548 1605 1618 1653 iosts
1627 1618 1704 1653 conss
1714 1619 1770 1653 esse
1781 1606 1927 1663 ridebitnr3
1939 1620 2001 1652 nm
2012 1605 2061 1651 ini.

334 1683 570 1746 est,euisuristur.
605 1674 1177 1724 Sedetlibertstumconiitioiutcrdumex-
1212 1672 1627 1736 quumerstomnimotlocsreri,
1647 1673 1761 1720 nonium
1782 1673 1858 1719 iiluts
1877 1672 2062 1721 controversis

324 1743 773 1804 ‘sistensetiicietlegstumomuiuo
791 1756 844 1788 nou
865 1740 964 1802 deberi,
988 1741 1082 1800 quippe
1102 1751 1177 1798 qnutu
1213 1742 1359 1798 litis,quum
1373 1740 1474 1800 possint
1484 1739 1508 1787 el
1520 1740 1635 1787 lusorise
1646 1740 1732 1787 minse
1742 1740 1931 1800 lieri,iieoque
1942 1753 2061 1787 esmren

334 1819 421 1868 lusbits
431 1815 534 1864 ratione
545 1815 706 1871 tinertstum,
727 1813 753 1856 et
763 1809 879 1856 detinctis
890 1808 981 1868 pretiis
992 1821 1095 1868 eornm,
1117 1811 1178 1852 tunc
1213 1808 1759 1867 Proetorcicognitionemsusmrcrocst.
1796 1808 1819 1867 fl.
1834 1809 1855 1855 l.
1872 1808 1903 1852 Si
1916 1807 2061 1855 tluocxte·

335 1879 702 1940 tlemsmiegutornmiuestur
715 1877 792 1923 rstio.
829 1876 852 1935 ς.
867 1878 904 1922 12.
928 1876 957 1920 tn
973 1874 1179 1932 quibusismuu-
1214 1879 1340 1923 stsmento
1351 1874 1681 1922 bereditsteminsoiiinm
1691 1873 1739 1920 sihi
1751 1873 1893 1935 vindicent,
1914 1874 1987 1920 forte
1997 1874 2062 1931 quoi

336 1942 1179 2003 temtestsmentisi'sleiiisquiiemlucornuonhsbct,rerunts·
1215 1943 1331 1990 eiusdem
1344 1942 1457 1989 nominis
1467 1941 1528 2004 siut,
1551 1940 1957 2000 tumiupossessoremqnsnin
1967 1942 2061 1999 petite-

335 2015 623 2073 menitsonserustur,
644 2017 685 2072 nt,
710 2010 1098 2069 licetqusdrsntemlreresnon
1115 2006 1179 2053 reti·
1215 2024 1267 2056 rem
1278 2013 1426 2068 conpetunt
1437 2009 1552 2056 sctiones
1563 2013 1588 2056 et
1600 2006 1772 2055 creditoribus
1783 2010 1810 2054 et
1820 2006 1969 2066 legstsriis.
2005 2009 2061 2067 μ.

335 2091 407 2149 nest,
414 2090 499 2132 tsnreu
510 2083 631 2128 luscteuns
642 2078 727 2136 tegete
737 2077 1019 2136 clcbeuntnr,qnstenus
1031 2071 1179 2134 patrimonii
1215 2078 1284 2123 ilsec
1294 2077 1380 2123 cuntio
1391 2076 1479 2134 otique
1488 2076 1634 2123 recessuris
1645 2078 1694 2135 est,
1714 2073 1737 2119 si
1756 2074 1814 2131 quis
1834 2073 1974 2132 pecuniam
1993 2087 2061 2122 usn

336 2158 407 2201 vires
417 2150 557 2210 sufiiciunt,
578 2148 666 2203 utique
677 2145 786 2191 deducto
798 2158 857 2190 sere
868 2144 971 2204 alieno,
990 2144 1053 2190 item
1063 2140 1179 2188 ieiuctis
1214 2145 1309 2203 solvet,
1321 2143 1361 2191 uel
1373 2157 1426 2190 rem
1436 2143 1537 2201 trutist3
1558 2143 1581 2189 si
1593 2156 1655 2189 sero
1665 2142 1801 2201 pecuuism
1811 2140 2001 2187 hereditoria
2010 2141 2061 2189 ssi·

336 2221 429 2283 pretils
440 2229 545 2270 eornm,
567 2214 610 2272 qui
628 2214 774 2258 tiitcrtutcm
785 2211 813 2256 in
830 2215 985 2257 testsmeuto
998 2210 1039 2255 vel
1057 2209 1179 2254 directum
1215 2215 1268 2271 rut,
1280 2210 1320 2256 rel
1332 2223 1385 2256 rem
1397 2209 1490 2273 meist,
1500 2208 1603 2270 quitistn
1614 2222 1667 2256 non
1678 2212 1770 2269 petunt
1781 2207 1935 2267 corennum,
1945 2208 2007 2264 quis
2016 2222 2061 2257 nes

337 2280 648 2337 uelfiieictiurmisssriem
659 2280 821 2336 sccepernut.
858 2278 933 2336 pti.
955 2274 1179 2333 Sedetlegstsrio
1216 2276 1662 2338 teneripossiteouominerictns,
1682 2288 1759 2336 quum
1776 2287 1830 2321 non
1851 2274 2001 2337 possident,
2021 2276 2061 2324 sci

337 2356 480 2403 ervenium
490 2354 627 2409 consono
637 2345 856 2392 fideicommissum
869 2343 1034 2403 relinquitur.
1045 2344 1068 2401 ἦ.
1085 2344 1123 2387 ti.
1137 2343 1179 2387 iu·
1216 2345 1276 2391 ioio
1286 2345 1385 2406 iecerit,
1396 2356 1446 2404 quo
1457 2343 1543 2390 minus
1554 2343 1692 2404 possident.
1716 2341 2061 2391 neeeimtemotncou·

338 2423 438 2470 tertium
449 2432 502 2465 non
513 2416 579 2473 legis
590 2412 736 2471 Fulcidiue,
758 2411 803 2457 secl
813 2412 890 2457 etium
900 2410 1008 2456 ulterius
1019 2409 1085 2466 legis
1096 2408 1122 2452 iu
1134 2409 1180 2454 ime
1216 2411 1368 2458 troversism
1379 2410 1478 2468 solrst3
1496 2412 1585 2470 quodsi
1597 2415 1697 2473 postes,
1707 2409 1837 2457 tenebitur
1847 2409 1940 2470 culpse
1948 2410 2060 2459 nonin.

330 2486 508 2549 ·stipuistioue
521 2482 589 2529 rstio
602 2479 720 2525 incientis
730 2482 779 2540 est,
801 2482 893 2536 utpute
903 2477 925 2522 si
936 2483 1059 2535 petronus
1069 2489 1101 2522 ex
1122 2488 1180 2520 esse
1215 2483 1238 2539 §-
1250 2481 1273 2525 3.
1287 2478 1404 2524 seticum
1415 2478 1447 2524 de
1458 2478 1564 2525 nomine
1574 2479 1645 2525 inter
1655 2478 1718 2524 duos
1728 2476 1846 2532 quemne
1862 2480 1917 2538 eos,
1940 2478 2061 2537 nunquit

337 2558 413 2604 ireres
426 2548 623 2601 institutussit‚
644 2551 669 2591 et
682 2558 743 2604 pure
753 2546 884 2603 quincunx
902 2545 1003 2602 legatus
1018 2544 1069 2604 sit,
1090 2547 1116 2589 et
1133 2541 1180 2588 suti
1216 2545 1464 2593 immitescentium
1482 2544 1521 2606 ei,
1543 2547 1586 2604 qui
1608 2544 1788 2593 hereiitsrism
1807 2557 1862 2592 rem
1882 2543 1983 2606 meist,
2004 2546 2060 2605 quis

338 2621 491 2671 conditione
501 2616 597 2672 eliquit
609 2626 683 2671 supru
694 2612 805 2658 iebitsm
817 2616 928 2669 petrono
947 2615 1059 2669 portem,
1081 2622 1139 2656 uum
1152 2609 1179 2655 iu
1215 2612 1363 2659 omnimodo
1375 2611 1585 2671 nundinentur,
1606 2610 1816 2671 quemadmodum
1836 2610 1859 2657 si
1881 2622 1927 2659 ses
1947 2612 2060 2660 sliem

338 2691 407 2738 tuuc
417 2698 502 2736 essum
515 2683 583 2729 tutin
594 2679 711 2726 iaciente
722 2684 761 2725 est
778 2678 850 2724 iilius
868 2677 948 2738 tegis,
970 2690 1034 2735 quse
1056 2682 1180 2734 petronus
1216 2678 1400 2727 hereditarium
1412 2679 1544 2726 scireturt
1574 2679 1625 2726 sei
1636 2678 1658 2725 si
1669 2678 1767 2738 petitor
1777 2690 1848 2725 susm
1858 2678 1999 2737 peenuism
2007 2679 2059 2726 sot·

331 2746 713 2813 *vocst,uonlegisi'nlcirlisc,
749 2748 773 2804 ς.
788 2747 825 2789 15.
847 2744 937 2806 Sires,
959 2745 1180 2805 quselcgstsest,
1217 2751 1268 2809 unt,
1278 2749 1324 2792 cut
1334 2760 1388 2797 rem
1399 2759 1471 2794 susm
1481 2745 1575 2808 usust,
1586 2746 1735 2808 uonissbct,
1745 2744 1813 2792 onie
1823 2744 1951 2810 retinent,
1968 2745 2061 2794 citios

338 2824 406 2884 spui
416 2818 569 2880 iegstsrium
581 2811 721 2874 interierit,
732 2811 889 2870 probsnium
899 2813 947 2871 est,
958 2814 1112 2869 exceptione
1123 2823 1181 2858 suc·
1216 2813 1363 2861 recesseris
1374 2817 1414 2859 eet
1425 2815 1450 2859 ei
1461 2812 1556 2860 mutim

339 2880 653 2949 curriei,qnipromisil,
1265 2882 1295 2927 v.
1316 2880 1505 2928 Marcellus
1526 2880 1594 2928 is‘bro
1616 2879 1879 2942 XXLDigestorssr.
1914 2879 2059 2943 utinm,

389 2958 423 3003 li.
441 2954 571 3000 Penius
581 2941 761 2994 tnronxxiz
768 2944 806 2990 cci
814 2943 943 2992 Edictum.
963 2942 1049 2991 litium
1061 2943 1092 3008 si,
1101 2957 1181 3002 quu-
1216 2960 1249 2995 sn
1259 2946 1410 3006 stipulstioe
1432 2961 1481 3007 pso
1491 2949 1618 3006 anplius,
1638 2961 1716 3009 ossus
1733 2961 1781 3007 per
1792 2946 1940 2995 rourum
1948 2948 2061 3010 titteris,

336 3025 358 3070 ti
368 3036 399 3071 es
413 3033 455 3069 res
466 3019 510 3079 sit,
520 3012 648 3077 promisit,
1217 3019 1324 3076 ceperis,
1335 3016 1406 3070 riori,
1423 3013 1548 3060 adversus
1559 3028 1615 3061 enm
1626 3027 1683 3064 uon
1691 3014 1808 3075 suiielst,
1832 3014 1877 3073 qui
1888 3015 2006 3073 legetu-
2016 3014 2061 3061 stit

388 3090 435 3136 tn.
457 3087 624 3144 Ulpianus
643 3080 711 3125 tiiro
731 3076 867 3125 LXXIX.
880 3078 918 3125 oei
926 3078 1053 3126 Edictum.
1082 3077 1140 3125 Nisi
1159 3076 1181 3125 sl
1216 3082 1356 3130 restituere
1366 3093 1399 3127 ex
1420 3080 1609 3129 fideicommissi
1630 3095 1708 3129 esum
1726 3081 1820 3128 teneti
1840 3080 1957 3128 Sutitciet
1976 3086 2061 3129 sote·

335 3155 399 3203 icto
411 3153 494 3214 ipsius
503 3147 602 3210 eliquit
619 3147 712 3192 tectum
727 3144 780 3201 sit3
803 3148 865 3191 tuuc
884 3146 953 3192 enim
974 3147 1052 3194 etism
1074 3158 1107 3193 ex
1127 3145 1182 3193 ioli
1218 3148 1277 3207 dici,
1288 3147 1355 3194 nibil
1365 3147 1423 3193 eins
1433 3147 1492 3195 tidei
1503 3148 1662 3196 commissum
1674 3160 1740 3196 csse.
1761 3147 1869 3195 cersuit
1879 3147 1982 3196 seilicet
1994 3149 2062 3207 legs.

338 3222 463 3282 elsnsuls,
473 3230 538 3276 quse
547 3218 574 3261 iu
587 3214 637 3260 ists
645 3212 816 3271 stipnistione
826 3211 985 3266 continetur.
996 3213 1143 3273 tenebitur,
1155 3217 1181 3259 et
1218 3216 1286 3262 tsrio
1297 3220 1323 3262 ct
1335 3215 1371 3277 is,
1391 3215 1435 3271 qui
1446 3213 1671 3263 fideicommissum
1680 3215 1807 3278 reciptet,
1828 3214 1881 3261 nisi
1893 3216 1963 3261 torte
1974 3215 2063 3262 uellet

336 3286 508 3348 replicstioso
521 3279 728 3342 repellipotcrit.
764 3279 787 3338 ς.
801 3281 823 3324 l.
845 3279 913 3325 ilsec
924 3281 1026 3344 enutio,
1047 3292 1181 3339 qusepro·
1217 3281 1690 3341 lcgstsriosclrcuitusublstohereil
1703 3282 1799 3331 cereri.
1835 3281 2062 3341 neiettegsterte

337 3361 395 3416 pter
407 3356 489 3414 legem
495 3348 634 3398 i'slcidism
644 3345 1015 3406 interponitur,nieinssorum
1023 3348 1098 3394 lubet
1108 3359 1181 3406 prse-
1218 3353 1353 3409 proeteres
1362 3348 1506 3397 essentium
1516 3352 1564 3412 est,
1575 3350 1608 3413 sl,
1617 3354 1647 3398 ot
1657 3350 1808 3410 plerumque
1817 3361 1927 3405 sequusr
1939 3353 1997 3410 est,
2018 3360 2061 3409 pro

336 3423 485 3471 stetiouem.
514 3419 537 3478 fl.
549 3420 573 3463 2.
586 3412 614 3459 Si
626 3414 653 3459 in
664 3414 752 3473 plures
763 3412 818 3458 dies
829 3414 938 3470 pecunie
948 3414 1034 3473 legite
1045 3418 1093 3475 est,
1105 3426 1183 3471 quum
1217 3421 1275 3463 rets
1285 3430 1317 3462 er
1328 3415 1527 3463 fideicommissi)
1539 3419 1656 3466 retinere
1665 3416 1690 3465 ei
1701 3416 1891 3464 concedenium
1900 3418 1952 3476 est,
1975 3428 2063 3474 qus·-

337 3491 435 3549 certnm
445 3488 488 3546 sit,
500 3487 583 3542 legem
594 3480 733 3526 Fulcinium
744 3480 829 3526 iocum
840 3478 948 3541 lustrere,
969 3495 1021 3527 stou
1031 3478 1182 3539 stipulatio·
1219 3484 1364 3529 sistentem
1376 3497 1408 3530 ex
1420 3484 1508 3542 iegsto
1517 3485 1585 3543 spui
1595 3498 1653 3532 eum
1663 3484 1698 3531 sit
1708 3494 1897 3545 murorum,
1907 3486 1939 3529 st
1948 3484 2064 3529 suficere

338 3557 375 3615 ui,
386 3556 431 3602 sei
442 3547 628 3612 computetioui
640 3549 725 3596 locust
734 3558 801 3602 esse,
811 3546 906 3595 Perlins
916 3548 960 3607 sit,
981 3552 1010 3594 nt
1022 3548 1181 3607 centimeter,
1218 3550 1300 3610 possit
1310 3550 1342 3596 si
1352 3552 1534 3609 prssstsudum
1544 3551 1776 3599 fideicommissum.

338 3620 427 3681 quenti
438 3620 489 3679 sit,
509 3616 576 3677 quui
587 3615 614 3661 in
626 3615 692 3661 diem
704 3614 817 3672 tegetum
829 3617 884 3675 est,
905 3618 931 3661 et
945 3618 1044 3662 tentum
1062 3616 1182 3660 credetur
1267 3619 1310 3663 vi.
1331 3619 1393 3665 coi
1399 3619 1565 3666 iirtrotus
1575 3620 1642 3666 tiiro
1654 3618 1696 3665 W
1696 3650 1703 3663 .
1716 3617 1748 3662 cis
1758 3615 1963 3678 neg-inentia.
1980 3615 2062 3670 Qun·

269 3736 273 3745 ,
339 3701 395 3736 esse
406 3688 529 3746 tegetum,
539 3687 662 3740 qusutum
674 3681 765 3728 etiicist
775 3680 931 3741 uestimstio,
941 3685 971 3727 nt
981 3696 1028 3741 pro
1039 3682 1114 3728 motio
1125 3680 1181 3728 eius
1217 3697 1270 3730 uon
1280 3683 1357 3731 iseilc
1367 3684 1563 3731 setisistioneur
1575 3686 1669 3733 oiierre
1679 3681 1819 3742 lerstsrius
1831 3682 2065 3730 renunciemu-

339 3768 372 3803 cx
383 3753 502 3802 omnibus
513 3750 607 3809 icgstis
619 3748 705 3795 stetim
726 3746 793 3806 legis
808 3746 939 3795 Fulciniue
958 3749 1029 3795 rutio
1049 3748 1181 3795 nubentur.
1217 3751 1301 3798 serius
1312 3751 1403 3813 possit,
1425 3756 1451 3798 et
1462 3753 1574 3798 futurum
1586 3752 1628 3813 sit,
1649 3755 1677 3797 ut
1687 3753 1793 3810 propter
1804 3748 1852 3796 huc
1862 3762 1880 3795 s
1890 3748 2024 3808 petitione
2032 3749 2063 3795 li·

339 3823 362 3882 ς.
372 3824 395 3867 ³.
407 3819 516 3877 Quoties
527 3818 698 3876 iuturumest,
706 3819 734 3860 ut
746 3813 827 3871 protem
838 3814 880 3873 sit,
888 3817 914 3860 et
925 3818 985 3861 unte
995 3814 1063 3861 iicm
1074 3816 1182 3861 venien-
1218 3818 1363 3865 bereiitstis
1374 3830 1408 3865 ex
1419 3821 1575 3865 testrmento
1586 3820 1785 3876 summorestur,
1805 3816 1934 3876 numquid
1945 3829 2015 3863 onus
2023 3829 2063 3862 os·

339 3893 390 3934 tem
401 3887 453 3933 ism
461 3883 602 3931 Fslcitiism
613 3883 698 3929 locutu
714 3880 825 3940 iuuere,
846 3880 925 3927 toties
946 3883 1105 3940 computetio
1126 3882 1182 3929 eins
1218 3885 1365 3931 tisistiouis
1376 3885 1400 3931 ei
1411 3885 1592 3932 remittendum
1604 3883 1674 3933 criti
1688 3883 1763 3938 Quoi
1776 3882 1881 3930 ridetur
1890 3883 2014 3931 stlinrsri
2023 3897 2064 3929 re·

338 3955 375 4002 nt.
409 3956 475 4002 Num
486 3952 509 3999 si
520 3950 635 3998 conditio
647 3949 673 3994 iu
685 3959 755 3993 more
767 3950 821 4007 est,
837 3948 1041 4005 exspectabimus
1052 3949 1181 3995 conditio·
1216 3952 1738 4010 seriptotlivicommotliiuhsecrertsu:
1758 3949 2064 4006 incurissdocorerss·

338 4035 405 4076 nem,
417 4019 501 4081 qnostl
513 4017 639 4072 exsistet,
650 4014 671 4060 si
684 4019 769 4060 eutem
780 4013 836 4060 iles
847 4018 975 4076 superest,
987 4016 1037 4061 ism
1048 4016 1089 4063 iric
1100 4016 1181 4063 inter·
1216 4023 1252 4065 tio
1263 4026 1310 4079 est,
1323 4020 1409 4066 ainus
1419 4020 1443 4066 si
1450 4020 1614 4079 compererit,
1625 4020 1683 4066 ideo
1693 4019 1838 4066 cautiorem
1847 4031 1867 4063 o
1876 4023 1904 4063 te
1915 4019 1999 4080 erigi,
2009 4023 2038 4063 st
2047 4029 2066 4061 o

337 4087 469 4147 esperliuis
481 4082 605 4143 tempori·
617 4082 702 4128 iubits
718 4081 821 4127 rstione
835 4086 911 4140 etque
926 4082 1122 4145 uestimutioue,
1144 4082 1182 4129 sic
1209 4084 1535 4146 fidei'coruoissipctitiose
1545 4088 1688 4143 uosrtaris,
1699 4097 1762 4132 ossus
1771 4084 1959 4134 randanense
1968 4085 2066 4132 titire·

337 4157 369 4203 ie
379 4153 496 4202 Fulcitlis
506 4149 705 4211 iispsieuimm,
726 4150 753 4195 et
763 4148 888 4194 committi
898 4148 1093 4208 stipulationem
1112 4149 1182 4197 dice·
1216 4154 1284 4200 mitti
1293 4152 1406 4199 euroiit.

338 4235 402 4270 mus.
433 4224 456 4282 ς.
469 4222 494 4267 i.
506 4215 630 4276 Quamuis
639 4219 724 4263 sutem
735 4227 824 4262 omncs
834 4214 955 4275 legutsrii
966 4220 992 4264 et
1003 4217 1182 4264 fideicommis·
1267 4219 1324 4264 vti.
1343 4219 1413 4265 Pes
1424 4221 1478 4266 iss
1497 4220 1563 4266 iiiro
1579 4219 1642 4267 Vir.
1659 4221 1697 4267 oi
1710 4222 1789 4281 legere
1799 4218 1896 4266 ieiiaess
1907 4226 1936 4265 et
1946 4217 2067 4279 nepem

337 4288 401 4337 surii
413 4300 518 4336 necem
529 4285 639 4333 tineent
650 4283 697 4329 ltsc
707 4281 877 4342 stipulatione
893 4297 998 4345 cst'erc,
1019 4288 1103 4333 tsmeu
1124 4284 1182 4344 qui·
1217 4287 1299 4333 Divus
1309 4285 1371 4331 Pius
1381 4288 1412 4332 sb
1423 4286 1513 4346 eo,qni
1525 4299 1611 4333 surius
1623 4287 1707 4346 iessuts
1718 4287 1849 4346 percipere
1860 4285 1892 4331 stl
1905 4284 2068 4332 numm-es·

337 4358 441 4404 busism
453 4352 561 4411 remitti,
576 4350 628 4397 tlivi
640 4349 745 4397 Frstres
755 4349 953 4413 rescripserunt,
964 4354 1055 4410 utpute
1064 4352 1113 4411 iris,
1126 4350 1183 4408 qui·
1219 4354 1278 4401 dum
1289 4353 1374 4398 iussus
1385 4357 1449 4410 erut,
1462 4354 1544 4401 uetuit
1555 4354 1700 4401 contionem
1710 4353 1792 4415 erigi,
1802 4354 1962 4400 manners
1971 4358 2069 4413 μήτι

337 4425 382 4471 bns
393 4423 493 4473 minute
503 4421 627 4467 sliments
637 4421 696 4464 suut
706 4416 807 4464 relicte.
820 4417 957 4476 Pompeius
966 4418 1183 4468 euimssunstinse
1218 4421 1299 4479 recidi,
1310 4418 1360 4465 nisi
1371 4425 1461 4477 operte
1473 4433 1563 4467 cerere
1575 4420 1658 4467 iussus
1669 4425 1745 4468 esset.

336 4492 528 4550 rescripserunt
547 4486 597 4533 sle:
617 4484 971 4533 Nencosdemcurrssrrresse
986 4486 1071 4532 iecere
1087 4499 1182 4533 aureo·
1220 4522 1227 4537 .
1268 4487 1336 4531 t'tii.
1354 4486 1553 4535 Maecianus
1572 4489 1638 4535 iiiro
1660 4487 1694 4535 Χ
1715 4486 1993 4535 fideicommissorum.
2042 4484 2070 4530 Si

337 4572 407 4621 rsus,
428 4570 492 4620 quos
503 4566 604 4602 annuos
615 4551 664 4599 ror
673 4558 828 4619 testamento
837 4550 976 4611 Pompeiae
988 4554 1122 4612 erirpnrae
1131 4565 1182 4611 pu-
1218 4554 1292 4601 heres
1303 4557 1401 4611 purtem
1414 4555 1540 4599 nouorum
1552 4554 1592 4601 vel
1604 4555 1680 4601 etism
1697 4554 1819 4601 uuirerss
1837 4552 1906 4597 bons
1927 4552 2019 4599 ‹ieiuts
2040 4550 2071 4597 sti

338 4630 431 4672 mosao
441 4632 505 4672 isos
514 4622 621 4670 rciietos
637 4620 777 4680 proponis,
798 4625 878 4679 utque
891 4621 950 4683 suit
961 4620 1142 4665 enormiorem
1158 4625 1185 4664 et
1218 4621 1305 4667 necem
1319 4620 1424 4677 eliceret,
1436 4624 1660 4669 consternantem
1672 4621 1703 4668 ie
1714 4618 1924 4679 fideicommissa,
1936 4616 2071 4666 decretum

338 4693 460 4738 sortiarii
477 4690 579 4736 libertis
599 4687 757 4739 relictorum,
778 4686 869 4746 potone
886 4693 1033 4744 propterca
1052 4685 1183 4732 cautionis
1218 4690 1302 4749 est,nt
1313 4686 1418 4745 petitori
1430 4688 1627 4735 recentiorietu
1634 4672 2071 4741 incditotercsn'tui,wlrmetsr‚

339 4753 818 4804 oumrenirreectumerissimoimr.
847 4753 906 4810 Μ.
918 4753 981 4799 item
991 4753 1122 4799 sciendum
1133 4756 1183 4807 cst,
1269 4753 1312 4800 tx.
1332 4754 1348 4799 1
1355 4754 1419 4800 ders
1439 4756 1506 4803 iiiro
1528 4754 1591 4801 xit.
1611 4754 1886 4801 fideicommissorum.
1926 4752 1956 4797 Si
1975 4752 2073 4800 nouis

339 4821 426 4870 {scum
437 4823 503 4871 iisne
513 4820 660 4869 motionem
670 4832 722 4865 non
737 4819 849 4879 periret
860 4819 968 4879 perinde
979 4817 1114 4867 coureuiri
1124 4832 1183 4877 pos·
1218 4821 1397 4869 controversie
1408 4821 1443 4866 sit
1453 4822 1615 4881 proprietas,
1634 4822 1679 4869 sei
1689 4821 1864 4879 ususfructus,
1886 4819 1990 4879 (potest
2001 4819 2074 4865 enisu

339 4901 377 4944 se,
397 4902 426 4936 sc
436 4890 458 4935 si
471 4887 593 4937 essisset.
628 4889 841 4947 veterescentem,
862 4886 1185 4947 cuiuscunquctlignitstis
1218 4888 1506 4951 rei,cuiusproprietss
1516 4885 2075 4948 Titiolegstuest,usnrirnetussliiiegs·

339 4956 407 5012 sint,
428 4956 490 5004 ticet
501 4956 551 5002 ism
562 4955 649 5013 iegsts
657 4953 835 5014 perceperint,
856 4954 975 5013 compelli
988 4955 1081 5002 delere
1090 4955 1122 5001 si
1141 4967 1184 5001 cs-
1218 4954 1254 5013 ri)
1263 4958 1327 5001 tuuc
1337 4955 1369 5001 tle
1379 4968 1410 5002 eo
1422 4957 1584 5005 restituendo
1596 4969 1648 5003 uon
1659 4955 1755 5015 heredi,
1775 4953 1820 5000 sei
1831 4952 1904 4999 risio
1918 4955 2013 5000 cereri
2027 4955 2075 5001 ie-

340 5022 466 5081 reutlum,
486 5021 787 5079 clivusl’iusrcseripsit.
823 5021 934 5082 Exque
954 5023 1083 5081 rescripto
1105 5023 1183 5070 etism
1219 5024 1270 5070 net.
1303 5024 1437 5071 {niumm
1448 5026 1549 5072 etsist
1559 5025 1653 5072 herede
1669 5024 1769 5082 legetur
1788 5022 1973 5077 ususfructus,
1997 5020 2076 5067 risio

339 5089 404 5138 illoti
416 5088 563 5149 recipimus,
574 5089 642 5144 quoti
655 5087 732 5134 etism
743 5091 802 5145 post
813 5089 899 5135 solute
910 5089 996 5147 leusio
1007 5090 1091 5137 uoluit
1101 5090 1185 5149 stipo·
1219 5090 1360 5137 carentium
1371 5094 1424 5153 est,
1436 5093 1519 5140 vetuti
1530 5093 1552 5140 si
1564 5092 1679 5139 tleirscto
1691 5090 1821 5136 nsuirnetu
1832 5088 1986 5147 propr-ictos
1996 5088 2024 5133 ei
2036 5089 2077 5133 le-

341 5156 465 5205 terionem
477 5155 617 5213 interponi.
653 5156 676 5213 ἦ,
686 5158 708 5199 o.
720 5154 749 5199 Si
761 5155 903 5213 legatorios
914 5156 1013 5215 tereti,
1024 5158 1066 5215 qni
1078 5160 1183 5205 contro·
1219 5159 1560 5218 getur,ususiructnsSeio.
1595 5153 2078 5217 Quiienimsttiuenithoecssnc-

340 5222 450 5272 rsrsism
461 5221 615 5268 hereditotis
627 5221 724 5279 patitur
737 5221 788 5267 ium
800 5223 841 5268 rei
852 5227 954 5283 speret,
975 5225 1006 5271 de
1022 5225 1183 5272 restituendo
1218 5224 1273 5270 redi
1285 5225 1380 5287 esteri,
1401 5224 1432 5271 ei
1444 5241 1516 5286 quem
1527 5227 1724 5272 emolumentum
1743 5220 1927 5269 intercidentis
1947 5222 2079 5269 nmiru-

339 5293 427 5350 lcguto
438 5288 487 5335 siut
499 5287 625 5345 praestito
636 5287 744 5335 roserit.
756 5293 782 5332 et
792 5288 1016 5338 crimenentur·
1027 5293 1070 5353 sit,
1081 5292 1127 5338 setl
1137 5304 1183 5338 ue·
1220 5296 1277 5338 ctus
1287 5304 1341 5337 nou
1351 5292 1385 5338 sit
1396 5293 1577 5351 spectsniumi
1607 5294 1701 5339 Verum
1713 5289 1735 5337 si
1748 5291 1880 5336 usufructu
1893 5288 1957 5335 Seio
1968 5288 2078 5350 tegsto,

340 5356 466 5419 gligesttis
478 5355 519 5400 ret
531 5353 591 5399 tiolo
603 5355 667 5414 eius,
679 5353 722 5413 qui
734 5356 847 5412 tegetum
858 5356 998 5417 prscstitit,
1009 5359 1119 5406 dicemus
1129 5371 1182 5405 nou
1219 5357 1364 5417 proprietas
1374 5359 1445 5406 'l’itic
1457 5361 1495 5407 its
1505 5362 1622 5419 tegetur,
1644 5361 1682 5418 nt,
1703 5370 1779 5416 quum
1789 5357 1820 5402 si
1831 5356 1919 5402 Seis-
1931 5356 2079 5413 pertinere

341 5422 465 5473 committi
477 5419 674 5478 stipulstioucm
683 5423 789 5478 propter
799 5421 849 5468 riri
862 5423 925 5471 boui
940 5425 1093 5486 erbitrium,
1114 5426 1183 5483 quoi
1219 5424 1337 5485 desierit,
1347 5426 1441 5474 hsbcst
1453 5426 1646 5488 proprietatem,
1664 5428 1726 5471 tuuc
1735 5422 1820 5471 ltereii
1833 5421 1919 5468 csrerl
1931 5422 2080 5480 oportebit

341 5495 408 5544 tuest
419 5489 477 5537 truie
488 5485 660 5547 stipulationi.
691 5489 714 5548 i.
726 5488 750 5531 i·
762 5488 826 5534 item
836 5488 858 5534 si
870 5489 933 5550 ipss,
946 5491 990 5547 qui
1002 5490 1134 5550 preestitlt
1144 5493 1183 5539 ie·
1220 5493 1403 5555 uiruetunriu,
1424 5497 1455 5542 ub
1466 5495 1654 5553 beredesutem
1665 5491 1754 5551 risio,
1774 5490 1896 5547 quianon
1909 5486 2083 5549 siccem,

341 5562 438 5621 retum,
457 5570 491 5605 sx
503 5554 556 5605 stis
567 5564 644 5599 ceusu
653 5552 703 5601 sibi
713 5552 837 5617 evicerit,
859 5561 948 5616 utputs
968 5558 1028 5617 otus
1049 5558 1183 5609 inuenitur
1220 5562 1356 5608 usufructu
1365 5560 1512 5622 intercepto
1521 5563 1552 5608 si
1564 5561 1660 5608 Titium
1671 5558 1854 5620 proprictstern
1866 5566 2058 5605 reventum.

1074 5734 1349 5758 ⁸¹⁸*—
