4356 6440
329 422 384 478 150
710 418 805 471 utu.
849 416 952 473 vlit
1006 415 1031 471 1.
1082 416 1152 473 nt:
1203 410 1675 472 snnvt'ttlmui.

327 564 415 612 iocum
426 561 538 610 hebebit.
574 561 597 618 9.
610 561 634 604 4.
647 557 675 604 si
688 557 763 606 lieres
774 557 930 606 siieueverit
941 557 1133 617 proprietatem,
1143 557 1171 603 et
1223 555 1267 617 sii,
1276 557 1306 603 ei
1317 554 1428 605 iunicum
1439 555 1490 602 sibi
1500 568 1593 603 esrem
1603 552 1781 617 &immet
1789 552 1880 607 bereti
1888 552 1919 602 in
1929 564 2015 603 ctu
2025 551 2062 603 H·

300 648 304 657 ·
328 636 419 691 postea
430 626 743 688 amittaturususirucius,
753 639 787 671 cu
798 639 830 672 cx
843 627 967 687 stipulatu
978 639 1057 685 ngcre
1067 625 1169 684 possiti
1223 623 1471 684 ium‚sindsoriutn
1481 636 1534 669 uon
1548 621 2062 684 pertinentusustrucius,beredireddi.

330 699 472 744 rideamus.
507 695 541 739 iii
552 693 646 739 turtius
659 692 819 757 dicipotusi,
838 692 967 751 ipsoiure
978 706 1032 741 nun
1043 690 1170 741 commitit
1273 690 1318 739 tx.
1340 690 1828 750 tltptanustitrodlelssaseresa
1863 689 2064 739 sinsustruetns

328 763 532 822 stipulationem,
553 760 614 818 quia
625 772 709 818 ucquc
720 760 810 807 tereti
822 760 1049 811 successoribusve
1059 759 1116 805 eius
1128 771 1170 805 re·
1220 757 1285 807 mitti
1293 757 1397 816 tegatur
1409 759 1458 817 sit,
1469 770 1576 815 cumque
1586 758 1725 809 restituens
1734 758 1784 805 sisu
1794 758 1867 805 Titio
1876 761 1998 819 rogatus,
2020 756 2064 803 ui-

328 830 404 879 stitui
418 832 510 889 potest,
520 840 605 882 neque
615 827 648 887 is,
657 825 702 871 eui
712 830 811 888 potest,
833 827 910 875 idest
920 827 952 875 sd
963 839 1038 886 quem
1048 825 1170 884 peruenit
1223 824 1333 872 desidum
1344 829 1393 885 cst,
1405 826 1462 881 quis
1473 825 1565 872 debeat
1574 838 1674 888 arere,
1682 831 1770 873 nissum
1780 825 1884 886 Titius,
1902 837 1935 873 su
1947 836 2006 885 ego,
2017 822 2066 883 qut

327 896 488 958 proprietas,
511 894 624 953 pertinet
634 893 666 938 ed
681 894 883 952 stipulationem.
919 894 971 941 Sed
989 894 1028 954 is,
1049 894 1081 939 ed
1096 906 1170 950 quens
1222 890 1448 950 iepstsriussuni‘i
1469 892 1717 954 euiiluddiceusus,
1738 891 2065 942 exenterationem.

327 962 456 1024 pervenit,
463 965 581 1019 ternpore
591 960 702 1020 quiesiti
713 962 823 1009 dominii
834 961 883 1008 sibi
891 961 1041 1021 prospicere
1049 959 1171 1009 nbran-
1222 971 1295 1014 rum,
1314 971 1371 1010 cunr
1381 958 1619 1009 fideicommissario
1630 972 1758 1019 messere
1765 960 1877 1009 deberet
1911 959 1946 1005 tlt
1956 962 1997 1005 est
2012 971 2065 1006 es·-

326 1032 400 1077 tionc
420 1029 510 1085 debet,
530 1027 599 1086 puod
619 1031 646 1077 ei
666 1027 688 1074 si
699 1041 753 1074 non
768 1028 872 1091 iecerit,
889 1028 1100 1078 nimionimio
1116 1040 1170 1076 reru
1219 1024 1395 1089 ¹peditiusboc
1407 1026 1505 1072 dicere:
1526 1026 1549 1072 si
1559 1027 1622 1073 mibi
1634 1026 1792 1085 manue
1802 1025 2066 1088 duretususirueias,

328 1098 433 1145 notione
444 1095 482 1140 uti
492 1096 586 1153 poten.
1223 1096 1250 1138 et
1260 1105 1336 1149 quum
1346 1096 1374 1139 tu
1384 1092 1512 1153 emiseris,
1533 1097 1617 1152 petest
1627 1094 1657 1139 nd
1669 1107 1708 1140 me
1718 1093 1851 1153 recidero,
1866 1093 1919 1139 boc
1924 1094 2014 1141 ested
2021 1092 2066 1141 ie·

378 1163 421 1208 lv.
445 1161 629 1208 Venuleius
649 1162 717 1213 libro
738 1160 804 1209 ΧΠ.
822 1161 1034 1221 Stipnintionarn.
1068 1161 1097 1208 Si
1110 1161 1170 1213 iru-
1222 1158 2068 1222 getariuur,itsreusexpediri.utturnibi,epodomiuoproprie.

221 1256 227 1271 .
326 1227 636 1287 cineriusproprieistcnr
645 1229 1169 1289 essecuturinerit,desinitquidernusus-
1223 1227 1407 1276 istiscauesm.
1442 1226 1541 1279 Quodti
1561 1227 1793 1275 fideicommissarii
1814 1228 2069 1277 caussususiructu

326 1298 426 1343 tructus
437 1296 471 1343 sd
480 1307 538 1341 eum
548 1295 680 1353 pertinere
691 1301 797 1355 propter
813 1296 1010 1357 copiosiorem,
1030 1296 1076 1343 sed
1094 1296 1117 1341 si
1135 1308 1169 1341 ex
1222 1292 1285 1339 ruibi
1295 1293 1403 1339 relictus
1414 1299 1468 1353 est,
1491 1300 1589 1345 necest
1607 1295 1661 1340 ulie
1675 1308 1734 1354 spes
1749 1295 1782 1341 sd
1795 1308 1836 1341 sue
1846 1293 1995 1341 revertendi
2005 1294 2068 1341 iru-

327 1363 456 1423 niipuiuiu
468 1375 525 1411 cunr
533 1376 569 1408 eo
582 1366 682 1421 egetur,
694 1367 738 1408 uut
749 1363 806 1423 ipsp
818 1363 1017 1410 iureiuutiliter
1027 1363 1068 1421 egi
1080 1363 1170 1409 dicen-
1222 1364 1287 1423 ctus,
1307 1363 1379 1406 recia
1391 1361 1434 1407 ris
1443 1360 1708 1409 fideicommisssriurn
1719 1374 1817 1408 carere
1834 1365 1937 1420 oportet
1955 1360 2068 1408 dontius

327 1432 387 1477 dum
397 1435 452 1491 est,
474 1429 560 1476 siriri
571 1429 781 1478 bouinrbitrium
790 1430 841 1479 luc
852 1442 932 1487 utque
944 1430 1104 1493 porrigitur,
1124 1431 1170 1476 aut
1221 1425 1402 1486 proprietatis.
1435 1429 1461 1489 9.
1475 1428 1577 1475 ΗΜ
1588 1428 1783 1489 sciendusnast,
1804 1427 2068 1488 sinciureipsoquis

329 1500 356 1545 in
368 1500 464 1545 iccium
476 1496 599 1556 excipere
609 1495 719 1548 debebit.
876 1490 877 1497 ’
1223 1494 1525 1561 ιιιιιιηῐτιιοωῇιὺοιῑ,
1548 1495 1605 1542 sire
1613 1496 1691 1543 etism
1707 1509 1754 1555 per
1770 1495 1910 1542 tuitionem
1918 1494 2068 1555 Praetoris,

380 1566 408 1610 v.
421 1566 592 1623 Ulpianus
611 1563 679 1609 libre
690 1562 822 1613 txxtx.
833 1565 870 1610 ed
881 1562 1007 1610 Edictum.
1038 1562 1105 1611 Huic
1120 1562 1170 1610 sti·
1222 1560 1307 1607 nihilo
1318 1561 1403 1608 minus
1413 1561 1556 1620 cogendum
1566 1575 1623 1609 csse
1633 1562 1803 1610 fructuarium
1814 1575 1905 1610 urere
1920 1566 1966 1611 sut
1979 1562 2068 1609 sotio·

327 1631 458 1693 putationi
471 1630 558 1677 dolum
574 1630 670 1677 melum
684 1632 774 1680 abesse
789 1631 987 1687 abiuturunrque
1007 1642 1065 1676 csse
1084 1629 1170 1677 conti·
1222 1629 1421 1689 uersuscipere.
1456 1630 1479 1687 9.
1497 1632 1521 1675 2.
1542 1629 1656 1677 Pinneti
1667 1629 1912 1689 exdicproprietss
1926 1628 2007 1677 siicsi
2022 1628 2068 1676 le·

328 1703 423 1760 uetur,
442 1702 471 1746 et
489 1709 568 1754 quum
588 1696 615 1742 iu
636 1711 691 1744 rens
711 1698 746 1744 sit
767 1698 821 1744 doli
841 1698 902 1749 rnali
918 1695 1018 1744 mentio
1035 1701 1170 1757 concepte,
1219 1697 1284 1755 get·
1295 1695 1347 1758 sit,
1364 1694 1529 1747 ususfructus
1538 1708 1612 1758 pure,
1623 1697 1760 1747 dicendum
1769 1704 1836 1758 etse,
1846 1696 2006 1755 Pompeius
2015 1696 2067 1756 sit,

329 1767 443 1814 omniunt
461 1765 548 1815 dolum
561 1764 781 1825 comprehendero
796 1764 912 1825 videtur,
932 1776 1124 1826 suceessorum,
1145 1766 1171 1811 ei
1223 1763 1405 1815 remittendam
1415 1774 1472 1813 etse
1483 1763 1706 1814 bureauiiosess
1714 1763 1874 1825 nmtuarto,
1892 1764 1953 1821 ouis
1964 1766 2069 1813 cerina

329 1833 444 1892 odoptiri
456 1832 548 1891 putris.
578 1832 601 1889 9.
623 1833 645 1877 i.
669 1830 793 1879 Sedetsi
811 1843 873 1878 usus
891 1832 948 1879 siue
963 1833 1052 1881 iruetu
1066 1831 1171 1892 lessius
1223 1830 1274 1890 sit,
1296 1829 1397 1881 sdeurn
1407 1830 1605 1890 proprietatem,
1625 1832 1667 1879 rei
1676 1832 1709 1879 sd
1719 1832 1837 1880 berederu
1846 1831 1905 1878 eius
1923 1834 2068 1890 westn-

329 1902 395 1963 erit,
415 1901 516 1949 sdenrta
527 1900 731 1959 tructuscausa,
752 1898 874 1951 satisdnri
885 1899 957 1947 iubet
967 1900 1086 1949 Prnetor.
1116 1901 1172 1947 line
1223 1910 1287 1944 rur.
1323 1899 1384 1958 93.
1395 1897 1424 1944 iti
1435 1898 1517 1945 restis
1528 1901 1691 1948 ususiructus
1701 1900 1805 1959 legatus
1814 1899 1859 1959 sit,
1870 1897 1976 1957 scripsit
1983 1897 2069 1949 Pum-

329 1968 432 2030 merito,
443 1974 474 2013 ut
485 1967 517 2013 de
527 1965 585 2012 soto
596 1977 655 2027 usu,
666 1977 720 2011 non
731 1966 810 2013 etiem
820 1965 852 2013 de
860 1968 946 2017 fructu
958 1970 1089 2014 urentur.
1110 1969 1133 2027 9.
1146 1970 1170 2013 2.
1222 1965 1331 2026 pontus,
1352 1977 1497 2024 quenquam
1511 1966 1589 2014 teres
1605 1968 1744 2028 stipuistus
1760 1966 1811 2030 sit,
1829 1965 1907 2012 inito
1926 1965 2068 2015 mutrsctn

329 2036 401 2094 lirgo
412 2038 439 2083 et
450 2033 472 2079 si
480 2035 582 2081 uenus
597 2034 656 2078 siue
667 2045 715 2078 usn
724 2033 862 2096 obtigerit,
883 2034 1020 2094 stipulatio
1030 2035 1115 2082 iocum
1126 2034 1171 2080 bs-
1224 2035 1322 2079 tesiam
1331 2032 1413 2095 reddi,
1431 2035 1545 2084 ettamen
1556 2047 1609 2080 uon
1621 2034 1733 2093 obtineri
1746 2033 1948 2098 promissorem,
1966 2031 1990 2077 si
2006 2043 2070 2079 esus

329 2103 409 2150 bebit.
433 2103 469 2162 ·9.
482 2102 506 2149 i.
519 2101 552 2147 iit
562 2099 585 2144 si
595 2099 739 2161 bnbitstio,
760 2101 804 2149 rel
817 2113 912 2159 operae
922 2100 1035 2148 bominis
1046 2101 1088 2148 vei
1099 2100 1172 2153 euius
1224 2099 1281 2147 siue
1291 2099 1352 2147 dolo
1363 2099 1433 2147 ursio
1443 2099 1558 2153 attritam
1569 2101 1720 2148 reddiderit.
1754 2103 1780 2163 9.
1789 2104 1814 2148 t.
1824 2099 1854 2147 Si
1865 2099 1954 2158 plures
1965 2096 2069 2145 donini

329 2169 437 2218 ulterius
448 2167 569 2218 animalis
579 2166 688 2214 relietsc
698 2166 809 2231 tuerint,
820 2167 955 2229 stipuistio
965 2168 1049 2223 locum
1058 2167 1171 2231 hebebit,
1224 2166 1278 2219 rint
1284 2166 1467 2229 proprietatis,
1478 2168 1651 2228 unusquisque
1661 2182 1710 2228 pro
1719 2181 1767 2217 sun
1773 2170 1850 2230 parte
1860 2165 2041 2225 stipulsbitur.

329 2238 392 2284 ticet
400 2235 659 2285 bsecutumiructurn
670 2247 717 2294 per
728 2235 816 2283 omnis
825 2248 879 2282 non
890 2236 1033 2287 imitentur.
1176 2240 1181 2247 '
1275 2232 1308 2281 Χ.
1327 2235 1461 2283 Pasias
1471 2235 1538 2289 tideo
1551 2236 1607 2283 Χι.
1617 2237 1655 2282 ed
1663 2236 1791 2284 mans.
1826 2234 1855 2283 st
1866 2232 1947 2297 servi,
1958 2231 2004 2291 qui
2015 2245 2070 2280 ns-

380 2305 422 2350 Vi.
441 2303 574 2351 Persius
594 2302 665 2349 titre
675 2300 791 2350 LXXV.
802 2304 840 2349 ed
848 2303 974 2350 Edictum.
1009 2303 1080 2351 idem
1095 2303 1172 2351 esici
1221 2300 1264 2352 uis
1274 2302 1416 2352 munitus
1427 2304 1493 2363 erat,
1506 2303 1690 2350 usumfructum
1700 2302 1748 2350 tibi
1757 2304 1896 2363 legavero,
1916 2298 2069 2353 uecesssrie

330 2375 357 2420 in
369 2370 455 2418 reditu
467 2368 577 2431 prsedii,
584 2368 661 2416 sicuti
672 2369 696 2415 si
708 2369 838 2417 vindemis
848 2369 934 2435 iegsis
943 2374 1013 2418 esset
1023 2370 1065 2417 rei
1072 2370 1171 2432 messis,
1224 2368 1348 2415 erithace
1358 2368 1445 2420 enutio
1456 2368 1545 2416 heredi
1555 2383 1622 2417 neo.
1642 2370 1767 2423 iluaruvis
1776 2370 1847 2418 euim
1858 2368 1891 2415 dc
1899 2368 2068 2427 proprietsts

329 2439 445 2499 quereris
456 2450 490 2485 ex
500 2438 636 2485 usufructu
647 2450 678 2489 ea
696 2437 886 2501 percipientur,
906 2449 971 2495 quse
985 2437 1075 2500 legate
1087 2441 1172 2492 morte
1224 2435 1306 2494 possit
1317 2435 1446 2488 communi
1461 2435 1602 2493 diuidundo
1618 2437 1716 2484 iudicio
1729 2435 1864 2497 experiri,
1885 2439 1973 2483 issueu
1987 2447 2069 2481 csuss

328 2504 454 2566 legatarii
465 2506 499 2555 ed
509 2504 630 2552 heredem
640 2503 758 2552 nedesnt
1224 2502 1450 2562 ususiruetus„qui
1460 2507 1519 2557 tuus
1529 2505 1651 2563 proprius
1659 2508 1708 2567 est,
1718 2504 1752 2551 sd
1762 2504 1873 2552 odicium
1882 2501 2014 2551 wuruuui
2024 2501 2068 2551 di·

347 2573 351 2579 ⁴
380 2574 437 2619 vii.
458 2571 702 2631 tttptanesttbro
713 2569 840 2618 LXXIX.
852 2570 1023 2618 etEdietuns.
1056 2571 1172 2624 Elusus-
1224 2568 1340 2620 sidundu
1350 2568 1444 2617 iudicis
1453 2582 1507 2617 nou
1519 2572 1666 2629 pertinebit.
1999 2580 2003 2591 ’

328 2643 431 2689 tructus
441 2638 546 2687 nomine
557 2651 586 2685 re
597 2637 693 2689 irsdits
703 2638 855 2691 rstisdaium
866 2652 920 2685 non
931 2638 1025 2701 tuerit,
1048 2638 1173 2686 Proculus
1273 2635 1321 2682 xi.
1341 2636 1554 2695 Papinianus
1566 2641 1635 2686 titre
1648 2638 1706 2686 m.
1716 2640 1915 2699 Responsorsrs.
1931 2639 1989 2685 tlsu
1999 2649 2069 2696 quo·

328 2709 376 2770 ait,
387 2720 463 2766 posse
475 2706 595 2754 teredeur
606 2716 660 2751 reru
672 2704 814 2766 uindicare,
825 2707 859 2766 ei,
870 2704 892 2751 si
902 2705 1043 2757 obiicisistt·
1050 2705 1172 2764 exceptio
1221 2702 1372 2763 eustonius
1383 2702 1476 2751 relicte
1486 2704 1537 2751 uiri
1543 2706 1611 2753 boui
1621 2707 1750 2753 erbitrntu
1766 2706 1914 2754 notionem
1929 2703 2067 2763 interposi

329 2778 360 2824 dc
373 2774 574 2823 reususituuius
585 2771 806 2833 nominetrsdits,
818 2772 994 2832 replicandum
1006 2784 1071 2823 esse.
1100 2764 1172 2824 (luae
1225 2771 1336 2835 uprortet,
1348 2773 1531 2833 uecmutatur,
1543 2773 1566 2818 si
1577 2777 1649 2833 peter
1658 2773 1768 2821 heredes
1776 2772 1848 2821 iiiios
1859 2772 2069 2824 numinum·

328 2842 460 2891 sententio
475 2840 552 2887 babet
567 2837 704 2886 retinuero.
740 2839 791 2891 Sed
806 2842 832 2885 ei
848 2838 904 2898 ipss
918 2839 1053 2898 stipulatio
1070 2838 1172 2886 condiri
1221 2849 1282 2888 euru
1293 2836 1517 2896 unorelepsisris
1527 2840 1620 2886 voluit.

328 2910 437 2971 poterit.
474 2909 498 2967 9.
514 2908 536 2952 i.
558 2905 1037 2966 Cumususimcmspecnniseiepatus
1048 2909 1104 2967 est,
1119 2919 1173 2959 ex-
1272 2903 1333 2957 ΧΠ.
1354 2904 1521 2963 Ulpianus
1538 2907 1605 2953 iiiro
1620 2905 1912 2959 mldsdssdirtm
1943 2905 1978 2955 ni
1989 2918 2070 2952 saso-

329 2977 404 3037 primi
416 2975 510 3023 debent
521 2971 547 3019 iri
558 2971 609 3020 dno
620 2984 693 3019 casus
704 2971 732 3018 iu
749 2971 931 3031 stipulatione:
952 2987 1029 3034 qssns
1043 2974 1174 3028 monens,
1224 2971 1406 3034 rumipssrunt
1412 2973 1580 3021 ususfructus
1589 2972 1696 3022 reticius
1705 2974 1751 3036 sit,
1759 2987 1816 3021 nos
1824 2976 1879 3023 erit
1889 2973 1979 3021 cautio
1989 2986 2070 3021 seus-

328 3053 376 3093 ant
388 3045 475 3104 :cpite
486 3041 600 3087 ninstns
611 3040 674 3095 eris,
690 3038 773 3099 dort5
792 3038 889 3089 idcirco
908 3038 934 3086 bi
951 3039 1002 3086 duo
1018 3040 1070 3088 soii
1090 3050 1173 3101 casus,
1226 3037 1383 3085 tuseousalti
1395 3040 1549 3101 tramant,
1560 3040 1605 3087 sed
1616 3040 1663 3087 iiia
1673 3040 1740 3101 sols,
1759 3041 1823 3089 boni
1834 3041 1885 3089 riri
1895 3041 2029 3089 arbitratu
2038 3050 2069 3089 ss

328 3111 451 3170 quonism
462 3103 842 3170 pecuniscnausaiiteramitti
858 3118 910 3161 pou
921 3109 1024 3171 potest,
1046 3119 1124 3165 quem
1132 3105 1173 3158 bis
1226 3117 1331 3152 usurum
1342 3103 1491 3152 truiiurunr.
1526 3106 1650 3167 stipitur
1666 3108 1761 3155 tridits
1775 3111 1838 3156 sust
1854 3108 1960 3156 menti
1980 3120 2069 3171 usse,

332 3179 443 3227 cuibus.
1220 3184 1300 3225 ,neruo
1313 3172 1421 3232 dubitat,
1437 3185 1494 3225 non
1505 3171 1562 3227 beri
1572 3174 1646 3233 eius,
1667 3174 1711 3231 qui
1723 3175 1837 3235 accepit3
1858 3188 1915 3223 suu
1924 3174 1997 3223 enisa
2007 3175 2070 3225 ideo

378 3247 450 3293 viii.
470 3241 601 3292 Partes
612 3239 683 3288 titre
690 3238 798 3287 mr.
807 3240 845 3287 ud
853 3240 983 3289 Bdictnnr.
1001 3240 1174 3295 iitibiusus-
1219 3239 1417 3301 traduntur,nt
1426 3239 1570 3291 dominium
1580 3241 1685 3293 recedat
1695 3242 1786 3306 abeo,
1807 3240 1854 3303 pit
1864 3242 1962 3303 tradit,
1981 3242 2070 3294 salin

329 3314 428 3360 tructus
449 3314 475 3358 at
496 3308 560 3357 miii
574 3306 870 3373 proprictsslepstssit,
889 3307 1108 3364 mibicsrendum
1119 3313 1173 3366 estj
1226 3306 1591 3365 uisiurirusturiepstarius.
1619 3308 2069 3368 Ernonmnnonssntnucrrerii

328 3380 372 3427 red
384 3381 406 3425 si
418 3377 481 3426 mibi
492 3376 539 3422 sub
549 3374 702 3423 conditione
713 3374 956 3435 proprieissiepsta
965 3375 1014 3433 sit,
1025 3376 1135 3437 quidam,
1144 3378 1173 3427 ut
1225 3387 1297 3436 ussa,
1308 3373 1437 3423 vindicari
1447 3386 1463 3421 s
1472 3374 1650 3433 proprietario
1661 3380 1780 3438 possunt,
1799 3377 1921 3425 cautione
1931 3388 1988 3424 nou
1997 3377 2068 3425 ista

329 3446 478 3494 biurcisuus
489 3476 497 3505 ,
510 3445 539 3488 et
548 3441 640 3488 bercdi
650 3445 677 3488 et
687 3441 750 3490 mibi
761 3441 902 3489 uerendum
913 3453 970 3488 esse
979 3444 1080 3501 putant.
1101 3442 1174 3495 iluse
1224 3440 1368 3488 Videndum
1375 3444 1418 3491 ,est
1429 3439 1460 3487 de
1471 3441 1644 3505 condictione,
1666 3455 1701 3489 an
1710 3444 1793 3503 possit
1802 3442 1889 3491 loesas
1898 3443 2011 3492 babuci
2033 3442 2069 3491 tn

329 3512 462 3560 sententia
473 3520 536 3556 rers
544 3512 594 3555 est.
614 3510 680 3555 item
691 3508 715 3555 si
725 3506 885 3566 mibi'iegsts
895 3507 941 3570 sit,
953 3512 988 3569 et,
1003 3508 1123 3569 quunsd
1134 3521 1174 3554 uae
1225 3508 1356 3568 proditum
1365 3510 1419 3573 est,
1428 3508 1560 3563 neminen
1567 3522 1625 3561 rcus
1634 3520 1722 3575 suasu,
1739 3510 1795 3561 nisi
1805 3524 1822 3561 s
1832 3512 1890 3561 turs
1895 3543 1904 3576 ,
1921 3510 2069 3564 munnere

330 3579 463 3640 pertinere
473 3574 591 3636 desierit,
602 3575 659 3638 aiii,
670 3579 697 3623 et
705 3574 750 3622 bie
759 3574 876 3632 utrinqne
885 3575 1078 3639 ossendum„ut
1087 3586 1174 3636 suprs,
1222 3589 1310 3639 poree

329 3645 437 3706 placuit.
472 3640 573 3698 Quodsi
592 3641 692 3691 duobus
711 3639 871 3694 crunnum
892 3641 1053 3699 rmtmctus
1068 3642 1175 3703 insius

684 3824 1676 3861 m

769 3978 818 4053 Ι).
893 3975 1621 4061 ῙΠΒΤΙΝΙΑΝΙ

496 4105 1031 4207 nruusrouurr
1087 4108 1230 4197 suu
1284 4109 1901 4233 unnuucrnunn

884 4249 1107 4330 LIBER
1161 4250 1510 4323 o'c'ttvtlo

678 4385 771 4456 l'i‘l'.
788 4387 815 4455 ί.
1216 4393 1514 4461 odteuporimnssn,
1527 4393 1733 4453 musena
1742 4395 1876 4460 pertinent
1895 4394 1954 4447 iure
1968 4396 2070 4446 cosmi·

521 4486 578 4538 Μ
611 4487 782 4546 mm
793 4489 846 4546 Μ
854 4489 971 4547 ΠΜ·
1223 4462 1514 4579 munucrfrtzin'nsn
1533 4526 1593 4578 ηι.
1612 4531 1650 4579 cr
1667 4528 1787 4580 mru-
1803 4532 1975 4592 privinnae
2009 4530 2069 4592 vra,

381 4596 401 4640 Ι.
421 4556 991 4653 Mercienssirirolss.1iegsiersnt.
1024 4593 1172 4643 Servitute·
1223 4593 1289 4656 iter,
1310 4601 1396 4660 setus,
1417 4610 1499 4657 squse
1510 4598 1602 4647 ductus
1612 4597 1705 4649 iisdem
1722 4599 1776 4648 iere
1786 4599 1869 4646 modis
1877 4597 2069 4662 ooutitsiiur,

330 4664 557 4718 suipersourrum
565 4660 787 4722 sunt,utusus.et
800 4661 1028 4722 ususfructus,aut
1040 4665 1173 4726 rerumnt
1223 4662 1552 4719 ouibusetusunrtrueium
1562 4665 1686 4714 constitui
1697 4665 1820 4729 diximus.
1854 4666 1916 4726 91.
1927 4666 1995 4713 Usus
2008 4679 2069 4721 ser·

331 4726 469 4776 servitutes
480 4726 636 4785 rustieotum
646 4724 811 4786 prscdiorum
822 4729 848 4774 et
858 4728 1024 4786 urbanorum.
1219 4731 1334 4783 ,vitutum
1347 4733 1507 4791 temporibus
1519 4732 1620 4781 secerni
1630 4736 1733 4796 potest,
1750 4734 1824 4781 torte
1839 4736 1869 4782 ut
1880 4732 1939 4792 puis
1949 4734 2009 4793 post
2019 4732 2069 4780 bn·

383 4793 413 4838 ii.
428 4794 600 4855 Ulpianus
619 4792 688 4843 libre
708 4790 801 4848 1711.
817 4793 860 4841 nd
878 4794 1007 4842 Eriietsnr.
1047 4796 1118 4844 Unus
1131 4808 1172 4851 ,ex
1225 4799 1393 4851 renitentium
1403 4799 1523 4859 usquein
1534 4799 1622 4851 borsru
1634 4800 1802 4851 deeimsmeo
1819 4800 1876 4850 iure
1898 4802 2005 4865 mitur,
2025 4798 2071 4848 rei

331 4856 443 4907 dominis
464 4860 641 4918 communium
658 4859 765 4909 sedium
785 4862 938 4915 servitutem
960 4862 1094 4923 imponere
1119 4875 1174 4912 uun
1219 4863 1479 4921 uiuiturnisdiebus
1492 4868 1589 4913 utatur.
2053 4902 2061 4910 -

332 4929 436 4993 perient„
1273 4932 1317 4993 Ἦ.
1334 4931 1825 4983 Paatesotroxx1.auttittersn.
1852 4930 2069 4996 Adcertstapsr‘·

380 4992 426 5039 ru.
445 4992 576 5043 Pontes
585 4995 653 5043 iiiru
663 4991 737 5049 XXI.
747 4994 786 5041 sd
792 4986 923 5042 Edieters.
941 4994 1089 5047 servitutes
1099 5010 1174 5062 prse-
1225 4999 1277 5046 iem
1286 4999 1360 5055 tundi
1370 4998 1484 5048 servitus
1494 5002 1548 5048 tam
1557 4999 1654 5048 remitfl
1666 5014 1742 5059 quarn
1751 5000 1876 5050 constitui
1887 5004 1984 5061 potest.

332 5058 435 5107 diorum
445 5059 514 5111 siise
525 5059 553 5107 iu
564 5061 631 5122 noio,
642 5062 711 5120 atino
721 5061 749 5107 iu
759 5062 896 5122 superiicie
906 5066 1063 5123 consistunt.
1275 5066 1331 5115 vit
1353 5068 1379 5115 tt
1385 5069 1416 5129 ip
1424 5070 1523 5116 ianne
1544 5068 1614 5115 iiirs
1627 5066 1709 5119 xm.
1722 5069 1760 5116 ed
1772 5071 1850 5132 leges·
1869 5068 1969 5117 dniiass
1980 5065 2069 5116 stPe·

384 5126 427 5172 lv.
446 5126 659 5185 Pupinianns
675 5128 743 5174 iiis-o
757 5128 814 5176 m.
826 5132 1020 5189 Qacniisnsns.
1054 5133 1174 5191 sentin
1221 5132 1307 5199 mens.
1342 5135 1385 5181 lus
1394 5135 1500 5191 dosese
1511 5133 1689 5187 immittendae
1699 5136 1871 5186 serriissesi.

332 5198 371 5241 tos
382 5192 438 5254 ipso
453 5191 557 5251 quidem
568 5192 625 5245 iure
635 5206 718 5250 oeque
729 5208 761 5242 cr
773 5200 903 5261 ternpore,
924 5201 1173 5265 ncqncadtampus,
1276 5196 1495 5258 iiiiisPentns
1515 5201 1583 5248 liin
1603 5199 1660 5248 XV.
1680 5202 1719 5249 ed
1736 5202 1877 5253 t'tenrrun.
1909 5203 1947 5249 tit
1962 5214 2069 5263 pom

332 5274 415 5320 neque
427 5262 474 5317 ami
486 5257 743 5322 continentemque
753 5262 785 5309 sd
795 5267 891 5313 certam
901 5264 1088 5331 conditionem,
1100 5269 1174 5316 serbi
1225 5266 1363 5329 decerpere
1372 5269 1461 5331 licent,
1470 5271 1497 5316 ct
1507 5271 1537 5315 ut
1548 5266 1697 5331 spatiantes
1707 5272 1737 5316 ut
1747 5282 1858 5318 coensre
1868 5269 1897 5316 iu
1908 5269 1996 5316 aliens
2007 5280 2069 5328 pes-

332 5329 432 5388 miit:
453 5325 575 5390 ovwffltt
585 5328 686 5382 volun,
704 5329 829 5379 constitui
839 5339 957 5390 ponunt.
992 5336 1043 5384 Sed
1053 5340 1139 5383 nmen
1150 5335 1173 5381 si
1225 5334 1315 5398 simus,
1325 5336 1438 5383 territus
1450 5335 1548 5396 imponi
1561 5348 1613 5382 non
1624 5338 1717 5396 potest.
1741 5339 1765 5397 9.
1779 5338 1802 5384 i.
1813 5336 1841 5383 si
1852 5336 1987 5397 prsedium
1996 5341 2069 5383 ius·

332 5396 395 5443 bsce
406 5392 572 5453 sdiicisntur,
584 5406 632 5452 per
638 5391 706 5453 pacti
718 5395 759 5442 tei
770 5410 815 5456 per
825 5396 879 5445 doli
890 5402 1070 5462 exceptionem
1081 5412 1174 5448 occur·
1225 5400 1288 5448 mibi
1299 5403 1410 5465 serviet,
1430 5403 1486 5451 sire
1496 5416 1546 5464 ego
1556 5402 1639 5464 pertis
1650 5402 1750 5463 praedii
1760 5404 1798 5457 tui
1810 5403 1928 5452 dominus
1937 5416 1996 5451 esse
2006 5402 2069 5451 c'oe'-

333 5466 406 5510 retur
416 5465 508 5510 contre
518 5457 614 5519 pinciis
624 5459 775 5510 ”nitrien
785 5464 948 5530 vindicanti,
970 5468 1047 5526 idque
1057 5470 1084 5514 et
1098 5467 1173 5513 Ssbi·
1219 5480 1305 5530 pero,
1326 5469 1496 5533 sireiamei,
1517 5472 1659 5531 per-putes
1670 5471 1784 5520 servius
1797 5472 1943 5535 retinetur,
1959 5466 2069 5519 licetsb

334 5538 394 5576 uum
404 5525 571 5589 respondisse
580 5526 686 5573 curius
695 5528 795 5594 retulit,
805 5534 834 5579 et
844 5531 893 5579 sibi
903 5534 1015 5595 piscare
1041 5535 1066 5595 9.
1080 5534 1173 5582 blito·
1219 5528 1304 5583 initio
1316 5548 1362 5594 per
1372 5540 1459 5596 portes
1469 5537 1634 5598 scpuirinon
1644 5537 1752 5599 peterit.

335 5589 394 5672 dum
408 5594 486 5644 ndiici
500 5593 671 5641 servitutibus
686 5606 763 5652 posse
780 5599 898 5663 constet,
918 5601 1063 5661 velutiquu
1078 5614 1173 5662 genere
1275 5599 1321 5651 tx.
1341 5604 1465 5653 t’einss
1485 5605 1553 5652 dire
1568 5606 1600 5653 7.
1614 5607 1786 5668 Digestorum
1818 5605 1848 5652 Si
1860 5605 1903 5652 cui
1913 5603 2070 5664 simpliciter

335 5659 447 5706 vebrcuii
457 5664 551 5722 spatur
561 5661 604 5710 vei
613 5673 669 5710 nou
678 5663 780 5725 agitur,
802 5665 845 5714 rel
856 5668 886 5712 ut
894 5680 961 5726 equo
971 5669 1110 5731 duntaxat,
1130 5668 1173 5716 rei
1225 5669 1269 5717 ris
1278 5682 1326 5730 per
1335 5670 1442 5718 tunium
1451 5671 1595 5731 cuiuspissn
1604 5673 1762 5722 cedstursel
1773 5672 1946 5734 relinquatur,
1966 5672 1996 5718 is
2006 5668 2062 5718 ist

336 5725 368 5771 sd
378 5726 474 5775 certum
485 5727 584 5786 pondus
594 5729 715 5789 sciuntur,
726 5731 768 5778 rei
780 5734 808 5780 ut
819 5745 884 5793 grex
896 5732 944 5783 iiie
952 5735 1117 5800 traducetur,
1127 5739 1173 5783 sut
1225 5736 1292 5801 nito,
1303 5737 1426 5785 videlieet
1434 5752 1481 5798 per
1490 5739 1632 5796 quemlibet
1640 5742 1699 5788 eius
1709 5744 1817 5800 psrtem,
1828 5740 1869 5786 ire
1878 5748 1956 5799 spere
1965 5735 2069 5788 benit

337 5791 413 5839 esrbo
425 5796 548 5852 ponetur.
582 5797 606 5855 9.
618 5799 642 5845 t.
663 5798 918 5850 interrallsdieruus
931 5806 958 5851 et
978 5802 1101 5852 boreum
1118 5814 1191 5851 sss-
1224 5805 1302 5852 niodo
1312 5803 1436 5853 utiliter.
1461 5804 2068 5866 iia-quasdflsinssrssoneiseitcescipio-
