4336 6440
308 375 364 429 200

311 513 426 574 repetet3
437 523 489 557 non
501 508 568 557 onim
580 504 802 554 existimationem
814 500 942 550 solventis
952 499 1041 548 eedem
1051 498 1151 559 species

310 579 475 642 repetitionis
486 576 610 633 sequitur.

354 642 471 693 XXl'lll.
491 643 577 689 Idem
596 639 663 686 libro
675 637 796 684 XXXII.
813 638 850 684 acl
864 637 991 683 Edictum.
1028 636 1112 682 ludex
1128 635 1150 681 sl

311 716 378 761 neele
390 712 502 758 obsolvit
509 740 518 763 ,
539 714 565 754 et
576 708 711 754 absolutus
722 718 768 752 sue
781 709 873 764 sponte
888 704 1012 767 solverit,
1034 700 1151 763 repetere

312 795 365 828 nnn
394 783 469 826 otest.

360 795 456 893 XleX.
478 843 648 902 Ulpianus
669 841 738 888 libro
749 841 788 887 II.
806 841 1030 899 Ds'spetotiomsm.
1067 839 1149 883 leter-

311 917 368 962 dum
380 926 490 972 persone
500 913 584 958 locum
595 909 659 955 iecit
669 908 831 969 repetitioni,
851 912 944 966 utpute
955 907 980 951 ei
989 905 1103 965 pupillus
1114 904 1150 950 si-

312 997 344 1029 ne
357 981 452 1027 tutoris
463 978 629 1038 anctoritate,
640 976 683 1023 rei
693 976 818 1036 furiosus,
831 976 871 1022 uel
884 974 915 1037 ie,
927 973 968 1021 cui
979 973 1055 1020 bonis
1067 974 1150 1019 inter-

310 1050 404 1097 dictum
416 1053 465 1103 est,
477 1046 604 1103 solverit3
615 1057 673 1090 rtem
685 1044 712 1089 in
724 1043 764 1089 hie
774 1043 894 1102 perennis
906 1041 1065 1100 generaliter
1075 1053 1150 1098 repe-

312 1116 400 1165 titioni
413 1116 497 1162 locunt
508 1127 578 1174 esee,
599 1125 653 1158 nors
663 1111 812 1168 embigitur.
843 1110 910 1155 Etsi
926 1110 1025 1168 quidem
1045 1110 1151 1155 exstent

311 1184 417 1241 nummi,
425 1183 687 1243 vindicabuntur,p1·o
698 1177 840 1225 consumtis
852 1189 913 1224 vcro
925 1175 1056 1222 condictio
1065 1177 1150 1222 locum

312 1251 422 1300 hebebit.
639 1278 643 1281 Δ

359 1319 442 1365 XXX.
462 1319 549 1364 Idem
566 1317 635 1363 libro
655 1314 687 1361 X.
709 1316 931 1375 Ds'spetetioeem.
967 1306 1019 1365 dut
1039 1311 1151 1358 inuicem

311 1389 424 1435 creditor
434 1388 550 1444 idemque
560 1384 663 1431 debitor
673 1386 722 1444 eet,
733 1382 760 1427 in
772 1383 812 1427 his
823 1381 931 1435 renibus,
941 1381 967 1426 in
979 1379 1069 1436 quibus
1081 1392 1151 1425 coma

313 1457 429 1515 pensatio
442 1456 525 1501 locum
537 1451 685 1511 nonhabet,
705 1450 727 1496 si
740 1449 835 1504 solvit,
858 1462 910 1494 non
921 1448 997 1493 lsebet
1007 1446 1151 1492 condictio-

313 1537 371 1570 nem
383 1523 464 1568 reiuti
477 1520 586 1566 indebiti
596 1519 693 1579 soluti,
704 1519 748 1564 sed
760 1519 799 1562 sui
811 1516 903 1564 crediti
915 1514 1076 1574 petitionem.

363 1589 458 1635 XXXl.
479 1589 568 1634 Idem
587 1587 653 1633 libro
666 1586 688 1632 I.
702 1586 861 1645 Opinionem.
899 1585 931 1643 le,
943 1582 987 1643 qui
997 1581 1066 1644 plus,
1076 1593 1152 1639 qoem

311 1656 470 1704 hereditarie
481 1655 568 1714 portio
580 1653 666 1708 edicit,
673 1668 718 1712 per
730 1666 844 1700 errorem
856 1649 980 1697 creditori
991 1649 1099 1711 caverit,
1110 1648 1151 1693 in-

313 1724 390 1772 debiti
404 1723 522 1781 promiesi
535 1723 610 1768 hebet
620 1721 818 1768 condictionem.

363 1791 470 1837 XXXll.
489 1788 727 1838 nicomedem
739 1787 771 1833 X.
784 1787 958 1846 Digestorum.
990 1785 1053 1832 (ium
1064 1784 1097 1840 is,
1107 1782 1152 1841 qui

313 1858 474 1917 Pamphilum
485 1862 529 1903 eut
540 1856 654 1903 Stichum
665 1856 748 1915 debet,
760 1854 837 1900 simul
848 1857 981 1912 utrumque
992 1853 1116 1914 solverit,
1129 1852 1152 1897 si

314 1932 413 1987 postes,
424 1938 498 1982 quem
509 1930 643 1981 utrumque
653 1922 771 1983 coiverit,
783 1928 828 1968 aut
840 1925 961 1982 uterque,
983 1924 1028 1967 eut
1038 1921 1107 1967 elter
1118 1933 1151 1967 ex

313 1996 353 2042 bis
365 1993 473 2041 desierit
484 1993 511 2038 in
523 2005 607 2038 rerum
619 1995 712 2038 neture
725 2004 796 2051 esse,
817 1988 885 2035 nihil
900 1990 1017 2046 repetet3
1039 1988 1065 2034 id
1083 1987 1152 2035 enim

313 2062 456 2109 remanebit
466 2061 493 2106 in
505 2060 675 2117 soluto‚quod
686 2061 811 2117 superest.
824 2055 1095 2117 §.Ll'ideiussoreum
1107 2068 1152 2114 pe-

314 2130 430 2188 ciscitur,
439 2143 471 2175 ne
479 2129 509 2173 eh
520 2139 551 2173 co
563 2127 672 2185 pecunie
682 2128 827 2187 petetur,et
838 2137 883 2183 per
892 2122 1090 2181 imprudentiam
1101 2122 1153 2169 sol·

315 2197 396 2256 serit,
418 2196 555 2259 condicere
565 2192 715 2252 stipulatori
728 2193 840 2251 poterit,
861 2194 887 2236 ct
897 2190 956 2237 ideo
972 2204 1033 2237 reus
1050 2190 1153 2249 quidem

315 2268 400 2311 inerret
412 2263 554 2322 obligatus,
567 2261 621 2320 ipse
631 2266 719 2308 eutem
730 2274 777 2306 sue
787 2258 942 2315 exceptione
953 2261 1024 2305 tutus
1035 2261 1089 2315 cst;
1111 2257 1153 2303 ni-

314 2332 349 2377 hii
362 2335 447 2377 eutem
459 2330 578 2389 interest,
589 2328 726 2375 fideiussor
735 2341 769 2373 en
781 2329 857 2374 heres
868 2326 923 2371 cius
935 2325 1052 2373 solverit.
1065 2324 1153 2381 Quod-

314 2399 337 2444 si
349 2400 408 2444 huic
419 2395 566 2443 fideiussori
576 2408 637 2442 reus
649 2395 723 2442 heres
733 2394 875 2448 exstiterit,
887 2397 912 2438 et
923 2392 1042 2455 solverit,
1054 2404 1101 2439 nec
1112 2407 1153 2439 rc-

314 2469 393 2527 petct,
405 2468 430 2511 et
441 2463 602 2511 liberabitur.
639 2464 662 2522 5.
674 2471 698 2515 2.
709 2463 806 2510 Mulier
816 2462 837 2508 si
851 2460 876 2507 in
888 2472 919 2505 ee
928 2460 1054 2518 opinione
1066 2460 1110 2515 sit,
1124 2460 1154 2504 ut

314 2533 403 2580 credet
414 2547 441 2578 se
453 2546 500 2591 pro
512 2531 572 2578 dote
583 2528 736 2590 obligetem,
749 2528 873 2589 quidquid
884 2527 950 2573 dotis
962 2528 1066 2574 tremine
1077 2526 1154 2573 dede-

314 2601 365 2661 rit,
386 2614 438 2647 non
450 2598 560 2658 repetit3
581 2596 682 2644 sublate
692 2596 761 2643 cuim
772 2597 838 2644 ielss
855 2594 980 2653 opinione
996 2594 1155 2651 relinquitur

315 2668 423 2728 pietatis
433 2681 517 2727 censs,
530 2678 563 2713 ex
575 2668 625 2723 ‘qpe
636 2664 746 2711 solutum
757 2664 838 2724 repeti
852 2674 905 2708 non
917 2666 1012 2721 potest.
1030 2665 1053 2723 ς.
1067 2663 1091 2708 3.
1103 2659 1154 2717 Qui

315 2735 445 2785 hominem
457 2733 615 2795 generaliter
626 2731 753 2793 promitit,
765 2730 859 2778 similis
870 2733 910 2776 est
922 2729 961 2791 ei,
973 2729 1015 2787 qui
1027 2729 1155 2776 hominem

316 2809 361 2850 ent
375 2804 460 2859 decem
471 2804 560 2861 debet,
571 2803 598 2848 et
610 2798 670 2848 ideo
681 2799 717 2861 si,
740 2813 817 2856 quum
826 2796 990 2845 existimeret
1001 2810 1028 2844 se
1039 2797 1154 2843 Stichum

316 2870 476 2931 promisisse,
491 2883 548 2917 eum
560 2868 673 2931 dederit,
685 2867 803 2913 condicet
810 2900 818 2929 ,
830 2864 909 2911 elium
920 2868 1006 2912 eutem
1017 2863 1155 2924 quemlibet

316 2939 401 2985 desudo
412 2937 520 2985 iibereri
531 2935 637 2995 potcrlt.
840 2956 844 2963 ·=

365 3005 488 3053 XXXlll.
505 3006 523 3050 1
526 3005 593 3049 dem
603 3003 668 3049 libro
683 3000 811 3049 XXXIX.
824 3000 999 3062 Digestorum.
1018 2998 1046 3045 Si
1058 2998 1085 3044 in
1096 3009 1157 3045 eree

316 3076 362 3119 toa
372 3072 562 3133 eedidceseem,
584 3073 610 3116 et
621 3074 648 3115 tn
661 3070 736 3116 eedcs
748 3068 908 3129 possideres,
930 3066 1061 3113 condictio
1072 3067 1158 3123 locunt

316 3154 370 3191 non
381 3140 499 3201 hebebit,
519 3138 580 3197 quie
590 3137 689 3183 nullum
700 3135 833 3194 negotium
844 3135 972 3182 internos
988 3134 1156 3181 contrubcre-

317 3214 374 3267 tnc3
395 3220 454 3253 nem
465 3206 500 3268 is,
521 3205 630 3266 quinon
642 3203 752 3251 debitem
765 3202 898 3262 pecuniose
914 3201 1012 3263 seint,
1033 3202 1081 3249 boe
1099 3201 1156 3260 ipso
1188 3242 1191 3249 ,

317 3275 416 3336 eliquid
427 3274 528 3334 negotii
539 3272 616 3335 gerii,
653 3272 716 3318 Cum
727 3275 813 3317 sotem
824 3269 969 3317 aediticium
986 3269 1015 3315 in
1031 3282 1092 3316 eree
1110 3280 1157 3314 esse

318 3345 349 3390 eb
360 3343 414 3389 elio
425 3343 538 3401 positum
550 3340 669 3386 domiuus
681 3342 803 3399 occupet,
825 3337 926 3383 nulium
944 3336 1078 3398 negotium
1094 3349 1155 3382 con-

317 3410 407 3455 scabit.
443 3409 493 3456 Sed
504 3407 554 3456 etsi
565 3407 604 3464 is,
626 3406 670 3464 qui
683 3407 710 3452 in
722 3406 811 3452 eliens
827 3419 889 3452 eree
906 3403 1080 3466 sediteesset,
1101 3404 1156 3463 ipse

319 3475 509 3533 poemenionem
521 3474 682 3537 trsdidiseet,
694 3472 886 3520 condictionem
896 3483 949 3517 non
961 3471 1077 3532 hebebit,
1099 3470 1158 3531 quie

319 3542 385 3588 nihil
396 3542 547 3600 accipientis
560 3542 666 3603 ieceret,
678 3542 723 3587 sed
734 3554 806 3587 suem
817 3553 871 3586 rem
881 3537 999 3584 dominus
1009 3537 1104 3585 habere
1115 3540 1157 3585 iu-

319 3610 424 3667 ciperct.
461 3608 494 3653 Et
506 3609 565 3654 ideo
577 3612 688 3666 conciet,
701 3607 721 3654 ei
736 3606 793 3664 quis
813 3619 890 3663 quum
901 3605 1063 3653 existimeret
1075 3619 1102 3653 ec
1113 3607 1157 3656 lie-

320 3677 404 3723 icdem
416 3687 481 3735 esse,
495 3675 605 3721 insulem
616 3674 798 3722 hereditoriam
808 3673 933 3733 fulsisset,
955 3673 1027 3719 nulio
1038 3673 1091 3720 elio
1103 3687 1157 3722 mo-

320 3744 363 3802 do,
374 3756 448 3801 qoem
460 3755 506 3801 per
516 3741 688 3789 retentionem
700 3741 828 3800 impeneee
840 3753 946 3788 eernere
956 3753 1039 3800 posse.

370 3809 486 3855 xxxiv.
507 3809 595 3855 Idem
613 3809 679 3855 libro
705 3808 761 3855 XL.
775 3808 947 3868 Digestorum.
977 3809 1011 3870 le,
1032 3807 1157 3854 cuihcre-

298 3920 307 3931 ,
321 3876 389 3923 dites
400 3880 456 3924 tote
465 3890 513 3936 per
523 3876 745 3924 fideicommissum
756 3874 847 3922 relicte
857 3878 905 3935 est,
917 3879 943 3921 et
954 3879 1087 3933 praeterere
1099 3875 1157 3920 iun-

321 3945 378 4005 dos,
390 3945 412 3990 si
424 3942 511 3992 decem
522 3943 633 3990 dedisset
644 3942 740 4001 heredi,
753 3942 775 3988 sl
787 3942 861 3991 heres
873 3946 1017 4000 suspectum
1029 3941 1158 3989 heredita-

321 4018 372 4059 tem
384 4011 522 4071 dixerit,et
532 4024 587 4057 earn
597 4024 631 4057 ex
642 4009 808 4057 Trebelliano
820 4009 976 4070 restituerit,
984 4022 1085 4056 causam
1097 4009 1158 4055 dau·

321 4078 505 4138 dee'pecnniac
517 4092 569 4124 non
581 4078 670 4139 hebet,
682 4081 707 4124 et
719 4077 777 4123 ideo
788 4077 854 4135 quod
866 4091 897 4123 eo
909 4075 1014 4123 nomine
1024 4076 1099 4138 quasi
1110 4077 1158 4127 im-

254 4164 257 4170 ·
273 4194 277 4199 ,
320 4147 431 4205 piendne
442 4146 601 4194 conditionis
613 4145 697 4203 gretie
708 4143 815 4201 dederit,
828 4144 994 4192 condictione
1005 4147 1113 4205 repetet.

335 4225 339 4232 ’
371 4214 476 4260 XXXV.
497 4213 584 4261 Idem
604 4212 670 4259 libro
685 4210 767 4259 XLV.
780 4212 954 4273 Digestorum.
989 4213 1039 4269 Qui
1057 4215 1159 4259 obrem

321 4295 374 4329 non
386 4282 515 4328 defensam
527 4279 652 4342 solverit,
675 4278 790 4344 quemvis
801 4284 892 4338 postea
902 4280 1041 4328 deiendere
1052 4285 1158 4340 paretes

322 4355 369 4412 est,
380 4364 432 4396 non
444 4353 544 4409 repetet
555 4349 623 4406 quod
633 4347 722 4394 solvit.
733 4358 736 4363 ·

336 4430 351 4439 ”
370 4416 489 4463 XXXl'l.
511 4415 636 4467 Paulos
656 4416 722 4463 dibre
742 4414 773 4463 V.
790 4418 990 4477 epitomatorem
1005 4414 1095 4481 Affecti
1111 4416 1162 4466 ot.

320 4492 458 4546 gestorem.
493 4485 590 4532 Servus
610 4481 743 4531 euiusdem
764 4483 893 4532 insciente
910 4483 1015 4530 domino
1035 4484 1159 4543 mugilem

321 4551 505 4610 commodavit,
516 4551 547 4613 is,
559 4550 601 4596 eui
615 4550 828 4612 commodaverat,
840 4551 944 4613 pignori
956 4552 1123 4615 composuit,
1134 4554 1159 4598 ct

323 4619 403 4679 legit,
424 4619 468 4679 qui
479 4618 591 4679 aceepit,
603 4628 657 4665 uon
667 4617 745 4666 eliter
755 4631 783 4665 se
794 4619 954 4666 redditurum
964 4617 1063 4677 eiehet,
1086 4631 1161 4677 quem

323 4687 345 4731 si
358 4687 490 4744 pecuniam
503 4685 658 4745 occepisset3
680 4686 777 4753 occepit
789 4701 804 4734 ι
816 4686 937 4749 servulo,
948 4688 976 4733 et
985 4684 1097 4733 reddidit
1108 4699 1160 4731 rire-

323 4752 421 4811 gidem3
442 4754 586 4812 quaesitum
597 4758 648 4801 est:
667 4766 700 4800 sn
720 4752 830 4812 pecunie
848 4752 880 4799 eb
901 4767 933 4801 eo
954 4752 1037 4813 repeti
1059 4752 1160 4811 possiti

235 4822 239 4837 ¹
324 4818 479 4876 Respondit:
501 4821 523 4867 si
535 4821 565 4881 is,
576 4822 618 4880 qui
630 4820 734 4881 pignori
746 4819 890 4880 recepisset
904 4819 1039 4878 msgidem,
1050 4818 1162 4867 elienem

324 4885 413 4932 scisset
423 4887 488 4945 apud
499 4902 527 4935 ee
539 4886 643 4948 pignori
655 4887 828 4949 deponi,turti
838 4900 895 4935 eum
907 4901 934 4934 se
945 4886 1161 4950 obligeesc,ideo-

323 4962 373 5011 que
384 4952 406 4998 si
417 4954 548 5010 pecunisin
559 4970 575 5002 ι
586 4955 689 5004 serenio
701 4955 842 5020 accepisset
853 4952 996 5002 redimendi
1005 4954 1068 5001 torti
1076 4967 1160 5018 conse,

323 5032 400 5081 posse
410 5019 508 5086 repeti,
530 5021 574 5068 sed
585 5023 607 5068 si
619 5024 744 5073 nescicset
754 5023 867 5070 elienses
879 5023 947 5082 epud
958 5034 986 5068 se
997 5020 1161 5083 deponi,non

324 5099 381 5134 esse
391 5087 483 5133 iurem.
516 5091 581 5137 ltssn
593 5088 615 5135 sl
631 5091 742 5148 pecunie
756 5091 812 5137 eine
828 5090 950 5152 nemine,
971 5100 1051 5146 equo
1067 5090 1162 5151 pignus

324 5156 468 5216 acceperet,
479 5168 495 5201 e
506 5166 582 5201 seruo
593 5155 617 5203 ei
630 5157 717 5206 solute
727 5162 805 5216 esset,
816 5171 870 5205 non
881 5171 957 5219 poete
968 5155 999 5202 eb
1010 5171 1041 5205 eo
1051 5159 1145 5220 repeti.

338 5230 342 5239 ·
373 5217 503 5287 xxxvii.
525 5222 680 5271 Iulioesse
700 5226 766 5271 libro
777 5225 833 5271 III.
845 5226 882 5272 ad
901 5227 1020 5273 Urseium
1030 5225 1162 5277 Ferocem.

324 5290 431 5335 Servum
441 5301 525 5337 meum
537 5288 676 5337 insciense
690 5291 796 5351 te-emi,
816 5293 1001 5355 pecuniamque
1018 5292 1065 5340 tibi
1084 5295 1160 5343 solui.

324 5357 387 5402 liam
399 5369 438 5401 me
448 5368 463 5401 e
473 5359 498 5403 te
509 5356 689 5418 repetiturum,
699 5359 726 5406 et
737 5371 768 5404 co
780 5359 884 5406 nomine
895 5357 1087 5407 condictionem
1099 5362 1162 5408 mibi

325 5436 394 5487 esee,
413 5423 561 5470 omnimodo
571 5425 649 5486 puto,
664 5422 720 5471 sire
730 5424 823 5472 scisses
833 5439 916 5473 meum
926 5439 998 5485 csse,
1019 5427 1074 5474 sire
1086 5429 1161 5487 igne-

324 5502 417 5541 tetees.
843 5495 847 5500 '

372 5555 517 5604 xxxvnr.
535 5555 801 5624 Afrteesssslilro
811 5556 862 5604 IX.
876 5561 1068 5619 Quaestionem.
1097 5558 1162 5607 Fre-

323 5628 364 5674 tes·
374 5640 390 5672 ι
400 5625 495 5689 tretre,
514 5638 591 5685 quum
601 5624 631 5672 in
641 5624 754 5673 eistedem
764 5627 893 5684 potestate
908 5630 1009 5690 essent,
1027 5627 1163 5687 pecuniam

323 5696 462 5755 mutuetur,
474 5696 652 5750 postmortem
664 5691 746 5751 petris
758 5691 783 5749 ei
795 5690 890 5752 solsit;
910 5694 1054 5755 quaesitum
1064 5694 1117 5743 est:
1129 5706 1163 5741 eo

322 5754 442 5821 repetere
454 5760 554 5820 possiti
588 5759 742 5820 Respondit:
762 5758 1022 5821 ntiqueqoidempro
1035 5774 1066 5810 ee
1081 5766 1162 5823 perte,

383 5903 398 5928 p

708 362 792 417 litu.
821 360 891 415 Xll.
919 361 945 414 6.
993 359 1048 412 ΒΕ
1085 349 1393 411 conoto'rtoittt
1428 347 1641 437 iuuentus.

1203 504 1252 552 que
1262 493 1317 552 ipse
1328 491 1397 551 petri
1407 490 1482 540 heres
1493 492 1654 555 exstitise'et,
1663 489 1850 553 repetiturum
1870 500 1918 551 pro
1930 501 1960 538 ee
1972 501 2046 551 rere,

1204 572 1253 619 que
1264 562 1349 608 lsuter
1359 560 1434 607 beses
1446 561 1589 624 exstiterit,
1609 561 1647 607 ite
1657 560 1840 623 repetiturum,
1860 558 1882 606 si
1893 573 1948 606 non
1958 559 2047 606 miens

1204 642 1237 676 cx
1253 627 1357 687 peculio
1374 640 1421 673 suo
1439 629 1471 674 ed
1488 629 1787 687 iretremperveniseet;
1810 628 1954 675 naturalem
1977 629 2047 674 enim

1204 695 1400 757 obligetionem,
1411 708 1475 750 quae
1487 696 1589 759 tuimet,
1601 696 1649 743 hoc
1660 696 1716 756 ipso
1729 696 1856 743 sublatem
1867 694 1966 756 rideri,
1980 697 2048 755 qood

1205 763 1301 822 peculii
1313 766 1413 821 pestem
1423 762 1506 809 irater
1516 765 1551 810 eit
1561 771 1726 826 consecutur,
1736 764 1801 811 odeo
1812 766 1854 822 ot,
1876 763 1898 809 ei
1910 763 2049 822 preelege-

1205 836 1259 876 tom
1269 829 1325 875 tilio
1336 829 1469 884 eidemque
1479 830 1591 877 debitori
1604 832 1629 878 id
1640 832 1741 893 inisset,
1752 831 1874 878 deductio
1886 830 1962 877 buius
1974 831 2048 876 debi-

1205 899 1225 944 ti
1237 911 1253 943 a
1263 898 1345 943 tratre
1354 910 1387 945 en
1400 898 1525 944 eederet.
1561 900 1641 958 ldque
1653 898 1763 947 menime
1774 910 1934 957 consequens
1945 911 2006 944 esee
2023 898 2048 944 el

1205 964 1352 1011 seutentiec
1358 995 1367 1019 ,
1387 977 1462 1023 qnam
1473 965 1592 1012 lulianus
1601 969 1737 1026 preberet:
1758 966 1780 1012 si
1792 970 1918 1014 extraneo
1930 966 1993 1027 quid
2004 966 2049 1011 des

1205 1032 1311 1093 buisset,
1323 1037 1350 1078 ct
1360 1032 1391 1077 cb
1402 1045 1434 1078 eo
1444 1037 1504 1090 post
1514 1036 1715 1094 montempetris
1724 1038 1846 1082 exectum
1856 1038 1935 1098 esset,
1946 1037 2049 1079 tentum

1206 1099 1301 1146 iudicio
1312 1112 1371 1145 cum
1383 1098 1497 1147 iumiliee
1510 1102 1676 1150 erciscundae
1688 1107 1897 1161 recuperetnrum
1908 1116 1925 1150 e
1939 1102 2050 1149 cohere-

1205 1167 1280 1213 dibus
1291 1165 1387 1226 tuisse,
1409 1170 1573 1225 quentomeb
1587 1170 1628 1216 lsis
1646 1170 1876 1218 creditorectione
1893 1171 1926 1217 de
1943 1168 2049 1230 peculio

1205 1233 1329 1293 consequi
1341 1233 1481 1293 potuissem
1493 1234 1635 1293 igituretsi
1643 1239 1781 1296 reintegre
1789 1238 1905 1285 temiliee
1916 1237 2049 1285 erciscun-

1205 1303 1252 1349 dae
1265 1305 1366 1363 egetur,
1378 1301 1417 1347 ite
1427 1303 1556 1360 peculium
1567 1304 1646 1352 dividi
1658 1319 1766 1365 eequum
1777 1319 1848 1368 esse,
1859 1308 1889 1352 ut
1899 1304 1932 1351 ed
1944 1304 2050 1364 quenti·

1205 1374 1286 1417 tutem
1296 1368 1352 1415 eius
1364 1368 1491 1416 indemnis
1501 1383 1517 1415 ι
1528 1372 1696 1421 coheredibus
1707 1377 1862 1432 praestetur.
1885 1373 1971 1419 Porro
1983 1384 2049 1431 eum,

1205 1450 1279 1494 quem
1290 1437 1414 1483 adversus
1426 1440 1579 1485 extraneum
1591 1440 1698 1493 delendi
1706 1445 1852 1503 oporteret,
1871 1441 1951 1499 longe
1965 1438 2048 1497 magis

1205 1506 1232 1551 in
1243 1517 1284 1564 eo,
1297 1504 1363 1560 quod
1375 1504 1449 1550 iretri
1461 1505 1607 1569 debuisset,
1630 1508 1776 1554 indemnem
1786 1521 1843 1555 csse
1854 1506 2047 1567 preestendues.

1205 1576 1227 1632 ξ.
1243 1575 1263 1618 l.
1277 1571 1428 1623 Quaesitum
1440 1576 1493 1619 est:
1514 1574 1535 1618 si
1545 1574 1620 1632 peter
1630 1576 1685 1622 lilio
1697 1566 1851 1633 crediderit,
1873 1576 1946 1632 isque
1958 1586 2047 1620 emen-

1205 1641 1305 1697 cipatus
1316 1639 1411 1701 solvet,
1421 1652 1454 1685 en
1466 1645 1584 1698 repetere
1596 1643 1696 1700 possiti
1731 1642 1887 1702 Respondit:
1899 1643 1921 1687 si
1933 1640 2001 1687 nihil
2012 1653 2047 1689 ex

1205 1706 1307 1766 peculio
1323 1706 1389 1766 apud
1404 1712 1503 1766 putrem
1519 1710 1687 1768 remanserit,
1708 1724 1762 1758 non
1782 1710 1965 1770 repetiturum3
1987 1720 2048 1754 nem
2115 1738 2121 1747 ·

1206 1786 1310 1821 munere
1320 1775 1466 1822 neturulem
1475 1775 1670 1841 obligationem,
1683 1784 1834 1837 ergemento
1845 1790 1910 1841 esse,
1922 1776 1992 1836 quod
2000 1789 2048 1822 eu-

1206 1847 1298 1889 tranco
1309 1848 1402 1901 egente
1418 1843 1489 1890 intre
1505 1857 1599 1892 enisum
1616 1846 1647 1893 de
1667 1846 1785 1909 peculio,
1805 1846 1943 1893 deduceret
1964 1849 2047 1903 peter,

1206 1912 1273 1970 quod
1284 1909 1334 1956 sibi
1345 1909 1416 1955 iilius
1427 1910 1566 1959 debuisset.
1602 1914 1625 1972 p.
1639 1918 1663 1959 2.
1685 1915 1784 1960 contre
1794 1913 1816 1958 ei
1828 1916 1902 1971 peter
1911 1912 1982 1971 quod
1991 1911 2047 1958 illio

1206 1977 1338 2024 debuisset
1350 1975 1435 2025 eidem
1445 1978 1606 2038 emesscipato
1617 1981 1738 2045 solverlt,
1745 1994 1798 2029 non
1808 1984 1924 2039 repetet,
1936 1993 1997 2025 nem
2007 1978 2050 2024 hic

1207 2058 1307 2105 quoque
1318 2057 1421 2092 menese
1432 2046 1578 2093 neturelcs'n
1588 2048 1783 2107 obligetionem,
1790 2048 1880 2096 eodem
1891 2050 2049 2106 esgoseento

1206 2114 1340 2174 probetur,
1352 2114 1436 2175 quod,
1448 2112 1470 2159 si
1483 2117 1623 2162 extraneus
1634 2116 1704 2164 intre
1714 2128 1810 2163 annum
1821 2117 1853 2163 de
1862 2114 1967 2175 peculio
1978 2118 2047 2173 eget,

1207 2180 1283 2225 etiem
1303 2180 1371 2239 quod
1390 2184 1463 2239 peter
1484 2180 1509 2227 ei
1529 2181 1672 2245 debuisset,
1692 2185 1864 2243 computetur.
1901 2182 2050 2240 Eademque

1207 2250 1300 2309 erunt,
1321 2249 1347 2293 et
1358 2247 1381 2292 si
1392 2252 1534 2294 extraneus
1545 2250 1618 2298 heres
1635 2252 1794 2298 exheredeto
1811 2250 1867 2296 tilio
1882 2248 1996 2295 solverit
2012 2247 2048 2309 id,

1207 2315 1274 2371 quod
1286 2313 1310 2361 ei
1322 2316 1396 2372 peter
1406 2314 1545 2362 debuisset.
1574 2319 1598 2377 5.
1611 2320 1635 2365 3.
1648 2319 1739 2377 begeti
1749 2318 1813 2365 setis
1823 2316 1909 2375 eccepi
1918 2350 1925 2378 ,
1935 2320 1963 2362 et
1974 2327 2049 2373 quum

1208 2381 1345 2428 fideiussor
1355 2382 1418 2429 mihi
1429 2382 1569 2445 solvisset,
1591 2387 1709 2446 apparuit
1719 2385 1863 2432 indebitum
1874 2383 1956 2431 tuisse
1975 2382 2037 2442 lege

1209 2453 1275 2508 tum,
1297 2461 1373 2507 posse
1383 2463 1440 2495 eum
1452 2453 1572 2508 repetere
1584 2454 1754 2501 existimavit.

1257 2515 1381 2562 XXXIX.
1399 2517 1601 2568 Marcianus
1620 2521 1687 2567 libro
1701 2521 1782 2569 VIII.
1794 2520 2001 2569 Institutionum.
2020 2515 2050 2564 Si

1207 2584 1265 2639 quis
1277 2596 1353 2640 quum
1363 2596 1379 2628 e
1388 2583 1626 2633 odeicommisserlo
1637 2588 1687 2635 sibi
1699 2602 1792 2636 cavere
1804 2590 1922 2647 poteret,
1937 2598 1995 2632 non
2007 2597 2050 2631 ee-

1207 2651 1289 2713 rerit,
1310 2650 1384 2707 quest
1396 2650 1537 2699 indebitum
1548 2655 1607 2712 pius
1617 2655 1706 2704 debito
1721 2670 1780 2704 eum
1796 2656 1910 2702 solutum
1928 2656 2052 2713 repetere

1207 2732 1293 2780 posse,
1300 2717 1354 2764 dlvi
1366 2717 1479 2766 Severus
1489 2724 1516 2769 et
1526 2723 1676 2770 Antoninus
1686 2724 1883 2783 rescripserunt.

1257 2786 1312 2832 XI..
1331 2786 1421 2832 Idem
1440 2788 1507 2834 libro
1522 2790 1578 2835 III.
1591 2792 1760 2854 Regularum.
1796 2792 1848 2848 Qui
1864 2786 2052 2850 exceptionem

1208 2856 1357 2914 perpetuent
1373 2852 1464 2916 hebet,
1484 2856 1598 2903 solutum
1614 2873 1659 2918 per
1676 2872 1793 2907 errorem
1811 2862 1930 2918 repetere
1951 2861 2050 2917 potest.

1209 2921 1260 2969 Sed
1271 2922 1384 2969 beenon
1395 2925 1434 2967 est
1452 2928 1612 2982 perpetuum.
1648 2929 1713 2974 Nem
1729 2927 1752 2973 si
1773 2927 1874 2985 quidem
1895 2925 1953 2972 eius
1974 2934 2052 2974 cause

1209 2989 1330 3047 exceptio
1342 2988 1432 3050 detur,
1449 3003 1507 3038 ceso
1517 3005 1567 3048 quo
1579 2993 1679 3056 egitur,
1699 2994 1814 3042 solutum
1825 2995 1946 3052 repetere
1956 2998 2051 3055 potest,

1209 3059 1238 3102 ut
1249 3054 1344 3103 eccidit
1355 3056 1383 3103 in
1395 3061 1621 3109 senatusconsulto
1633 3063 1666 3109 de
1676 3062 1922 3118 intercessionibus3
1945 3061 1992 3108 ubi
2009 3074 2052 3109 re·

1209 3138 1241 3172 ro
1251 3124 1278 3169 iu
1289 3122 1377 3171 odium
1389 3125 1459 3188 eius,
1480 3126 1521 3174 cui
1533 3128 1652 3190 debetur,
1673 3130 1794 3189 exceptio
1805 3129 1894 3191 detur,
1915 3141 2052 3188 pergerem

1209 3193 1322 3239 soluturo
1334 3204 1388 3238 non
1400 3194 1543 3254 repetitur;
1565 3195 1645 3243 relati
1656 3197 1679 3243 ei
1689 3197 1874 3244 dliustsmiliee
1890 3199 1985 3243 contre
1995 3198 2052 3243 itte·

1209 3259 1382 3309 cedonienum
1392 3264 1505 3309 metuens
1515 3264 1650 3321 pecnniem
1660 3264 1804 3326 acceperit,
1827 3267 1853 3311 et
1862 3264 2052 3325 peterteesiliee

1210 3328 1292 3375 tactos
1302 3327 1422 3391 solverit,
1433 3340 1487 3375 non
1498 3330 1601 3389 repetit.
1638 3334 1661 3393 e.
1676 3335 1698 3379 1.
1719 3331 1749 3379 Si
1761 3343 1821 3393 pers
1832 3332 1934 3390 domus,
1945 3344 2014 3389 quse
2025 3331 2053 3377 in

1210 3397 1277 3442 diem
1288 3408 1335 3453 per
1345 3394 1571 3447 fideicommissum
1580 3400 1673 3448 relicte
1682 3404 1736 3462 est,
1751 3400 1853 3447 arserit
1863 3400 1924 3446 ente
1941 3399 2013 3445 diem
2024 3398 2054 3445 ti-

1210 3461 1384 3510 deicommisei
1395 3463 1537 3529 cedentem,
1548 3470 1575 3514 et
1585 3481 1643 3516 eem
1652 3468 1727 3516 hores
1737 3479 1785 3514 ιιιι
1794 3467 1910 3527 impense
1921 3466 2055 3525 refecerit,

1210 3530 1386 3579 deducendam
1396 3544 1453 3579 esse
1463 3532 1648 3594 impensemex
1659 3533 1858 3586 fideicommisso
1869 3538 1986 3596 constet,
1997 3538 2025 3580 et
2033 3526 2057 3581 si

1210 3598 1268 3649 siue
1278 3598 1435 3647 deductione
1447 3599 1549 3651 domum
1557 3602 1711 3664 trediderit,
1730 3616 1806 3665 posse
1821 3602 1918 3652 taceret
1939 3602 2055 3659 condiet,

1211 3665 1283 3727 qeesi
1295 3665 1353 3725 plus
1364 3667 1450 3714 debito
1461 3668 1571 3718 dederit.
1606 3672 1629 3730 5.
1642 3677 1666 3719 2.
1684 3671 1712 3717 Si
1723 3674 1812 3731 pectus
1822 3671 1904 3719 merit
1914 3673 2047 3729 petronus

1211 3746 1269 3781 cum
1280 3733 1386 3797 liberte,
1395 3747 1428 3783 ne
1439 3749 1534 3795 opesee
1544 3740 1575 3786 eb
1587 3752 1619 3785 eo
1629 3741 1760 3802 petentur,
1775 3739 1898 3797 quidquid
1908 3741 2005 3798 poete·
2013 3749 2056 3784 so-

1211 3800 1292 3848 lutum
1303 3800 1383 3848 luerit
1393 3815 1409 3848 e
1419 3803 1525 3870 liberio,
1536 3807 1621 3865 repeti
1632 3809 1724 3866 potest.

1260 3866 1328 3915 Xbl.
1347 3864 1509 3919 Neratius
1528 3874 1596 3920 libro
1610 3874 1658 3923 VI.
1670 3874 1892 3923 Membreeeree.
1916 3874 1998 3930 Quod
2008 3885 2058 3932 pu·

1212 3936 1291 3996 pillos
1301 3934 1359 3983 sine
1370 3938 1467 3985 tutoris
1478 3941 1640 3997 auctoritete
1647 3941 1785 4002 stipuieeti
1802 3941 1952 4001 prosciderit
1962 3946 1993 3989 et
2002 3943 2058 3987 sol·

1212 4002 1288 4065 serit,
1301 4002 1356 4050 eius
1367 4006 1489 4067 repetitio
1502 4013 1551 4071 est,
1563 4011 1624 4070 quie
1634 4024 1683 4057 nec
1693 4012 1789 4057 nature
1800 4010 1885 4057 debet.

1261 4069 1342 4118 Xisll.
1364 4072 1387 4118 tl
1393 4072 1403 4119 l
1405 4076 1444 4135 ρι’
1448 4090 1488 4122 oss
1496 4091 1533 4123 sse
1544 4078 1609 4124 libro
1620 4076 1748 4125 LXVIII.
1757 4077 1795 4125 ed
1804 4075 1932 4125 Esieetsses.
1950 4074 2059 4124 Poene«

1212 4152 1265 4188 nen
1276 4139 1362 4186 solent
1373 4143 1466 4204 repeti,
1477 4156 1534 4191 eum
1544 4144 1670 4204 depeusee
1681 4149 1750 4193 suut.

1256 4204 1352 4253 XLllt.
1369 4207 1504 4259 Paulus
1522 4212 1590 4262 titre
1601 4213 1657 4260 111.
1668 4213 1704 4261 ed
1713 4211 1854 4263 Heredem.
1891 4210 1920 4259 si
1938 4209 1999 4271 quis
2018 4209 2060 4257 im.

1212 4278 1296 4323 resset
1307 4287 1335 4320 se
1346 4275 1406 4323 dare
1417 4290 1470 4325 non
1482 4283 1614 4343 oportere,
1635 4280 1666 4329 eb
1678 4280 1748 4329 omni
1759 4280 1928 4330 contentione
1939 4278 2057 4326 discede·

1212 4346 1262 4405 tur,
1269 4346 1345 4398 etque
1357 4342 1394 4389 ite
1404 4345 1516 4393 corucem
1525 4348 1659 4406 pecuniam
1673 4348 1756 4409 repeti
1765 4363 1850 4412 posse,
1858 4346 1998 4395 dicendum
2008 4348 2056 4393 est.

1260 4408 1350 4455 xbtv.
1369 4410 1456 4459 Idem
1467 4413 1534 4462 libro
1545 4416 1623 4463 XIV.
1637 4417 1674 4463 od
1682 4418 1826 4465 Ploete'ssos.
1856 4412 1988 4476 RepetitIo
1999 4412 2056 4459 nul·

1212 4478 1239 4525 ie
1249 4481 1289 4523 est
1299 4476 1330 4522 eb
1341 4490 1382 4539 co,
1393 4478 1436 4534 qui
1447 4492 1520 4528 suum
1531 4483 1636 4548 recepit,
1648 4484 1751 4533 temeto
1768 4484 1801 4532 eb
1817 4482 1885 4547 elio,
1905 4494 1983 4541 quesn
1995 4492 2056 4528 rere

1213 4544 1339 4605 debitore,
1351 4544 1464 4594 solutum
1475 4551 1523 4596 cet.
2058 4602 2061 4606 ⁸

1262 4611 1340 4657 XLV.
1358 4613 1547 4666 Iavolenus
1566 4620 1632 4666 libro
1641 4620 1682 4666 11.
1703 4633 1738 4667 er
1756 4616 1871 4667 Horatio.
1907 4616 1937 4664 Si
1955 4619 1996 4677 is,
2016 4615 2057 4675 qui

1213 4678 1383 4726 bereditetesn
1393 4683 1511 4731 vendidit
1522 4689 1548 4733 et
1560 4687 1655 4734 emtori
1667 4684 1790 4750 tradidit,
1801 4687 1836 4747 id,
1847 4684 1915 4747 quod
1925 4686 1978 4733 eibi
1989 4686 2058 4731 seor-

1213 4750 1273 4793 tuus
1283 4747 1416 4814 debueret,
1427 4764 1482 4799 nou
1491 4754 1586 4807 retinui
1590 4760 1608 4817 t,
1620 4761 1736 4814 repetere
1746 4754 1859 4816 poterit,
1871 4753 1933 4811 quie
1943 4752 2003 4813 plns
2013 4752 2060 4799 de·

1214 4813 1269 4861 bito
1281 4815 1395 4862 solutum
1406 4832 1452 4877 per
1463 4821 1653 4883 condictionem
1663 4827 1732 4869 recte
1742 4823 1878 4881 recipitur.

1262 4881 1351 4929 XLVI.
1371 4885 1465 4935 Idem
1484 4890 1550 4937 libro
1566 4890 1617 4937 IV.
1631 4904 1666 4937 er
1680 4890 1795 4938 Ploetie
1831 4888 1881 4946 oui
1893 4888 1999 4937 heredis
2010 4900 2059 4934 sso-

1213 4947 1284 5028 mloe
1294 4950 1381 5009 legate
1392 4966 1445 5001 non
1463 4955 1549 5004 debite
1565 4971 1598 5007 en
1614 4957 1725 5006 nummis
1742 4958 1823 5016 ipsios
1841 4956 1945 5004 heredis
1965 4955 2059 5008 scirit,

1215 5030 1270 5075 spse
1281 5018 1384 5079 quidem
1395 5027 1512 5083 repetere
1523 5039 1577 5075 noe
1587 5027 1688 5085 potest3
1708 5025 1755 5073 sed
1764 5026 1787 5071 ei
1804 5025 1945 5083 ignorente
1961 5022 2060 5072 herede

1214 5098 1332 5133 nummos
1343 5085 1399 5133 eius
1411 5091 1530 5156 tradidit,
1547 5093 1667 5140 dominus
1678 5107 1724 5140 cos
1734 5096 1806 5141 recte
1818 5090 1971 5138 vindicabit.
2007 5090 2059 5137 Es-

1216 5152 1271 5200 dem
1281 5165 1358 5213 censa
1368 5170 1453 5204 rerum
1468 5160 1641 5218 corporalium
1653 5164 1701 5208 est.

1264 5220 1367 5268 XbVll.
1398 5227 1514 5275 eetses
1535 5229 1603 5276 libro
1629 5228 1674 5274 VI.
1696 5229 1871 5289 Digestorum.
1914 5223 2061 5271 indebitus

1214 5287 1349 5348 pecuniens
1359 5303 1405 5349 pcr
1415 5305 1529 5339 errorem
1540 5295 1698 5354 promisisti3
1720 5308 1789 5355 eem,
1799 5293 1902 5353 quipse
1913 5296 1940 5339 te
1951 5290 2058 5338 fideius-

1215 5358 1293 5416 seret,
1305 5353 1394 5402 solvit.
1413 5357 1470 5419 nge
1480 5358 1613 5424 enietimo,
1624 5362 1647 5410 si
1658 5362 1764 5409 nomine
1772 5364 1819 5407 tuo
1829 5342 1941 5407 suedo
1950 5357 2059 5406 lideius-

1215 5434 1276 5482 sor,
1291 5424 1316 5467 te
1327 5419 1487 5487 adeiusmri,
1506 5428 1688 5488 stipuletorem
1698 5429 1746 5475 tibi
1757 5428 1903 5487 obligetusn
1912 5427 1989 5489 iore,
2010 5437 2059 5472 nee

1215 5489 1416 5549 exspectendom
1426 5505 1491 5557 esse,
1503 5499 1532 5542 ot
1542 5500 1626 5544 retem
1635 5497 1740 5560 bebere,
1752 5494 1876 5557 quonism
1885 5495 1963 5554 petes
1975 5491 2060 5539 rideri

1216 5558 1241 5603 id
1253 5556 1338 5615 ipsum
1349 5559 1496 5623 mendmee,
1516 5567 1545 5609 ut
1555 5568 1602 5612 tue
1612 5562 1718 5612 nomism
1729 5562 1890 5620 solrereter3
1911 5562 1955 5609 sia
1971 5564 2061 5607 entem

1215 5623 1351 5672 ildeiuscor
1360 5637 1408 5672 suo
1420 5628 1525 5677 nomine
1535 5630 1644 5681 solverit
1653 5631 1723 5689 quod
1734 5643 1788 5679 oon
1803 5629 1924 5691 debebat,
1944 5627 2060 5689 ipsunt

1215 5691 1369 5752 stipuleture
1379 5699 1498 5755 repetere
1508 5711 1599 5764 posse,
1621 5697 1744 5761 quoniam
1759 5696 1903 5747 indebitum
1918 5696 1980 5751 ίψθ
1993 5707 2060 5755 β·

1216 5758 1282 5806 tims
1294 5760 1430 5817 pecuniam
1440 5762 1532 5824 soisit3
1553 5766 1621 5825 quod
1631 5767 1717 5815 mines
1727 5769 1811 5817 erte·
1821 5750 1945 5824 eoueqei
1958 5759 2059 5822 pettit
