4354 6424
595 428 764 484 nusurv.
812 426 854 482 14.
882 414 925 482 io.
951 427 1008 482 on
1036 427 1331 484 rxrnnnrcris.
1793 431 1827 485 n

106 561 236 613 aoureuti.
262 565 324 625 μ.
334 564 423 624 leque
432 567 457 616 el
466 568 569 618 debitor
585 571 717 620 creditore
727 568 860 620 deferente
870 571 942 621 lure·

105 630 178 693 terit,
189 629 259 677 utin
266 644 295 679 ee
302 632 364 681 dere
371 641 503 697 oportere,
513 638 732 701 edbucobligatue
739 645 884 699 permanet3
896 641 942 689 aed

103 698 160 758 quie
176 696 298 755 iniquum
307 704 364 763 eet,
384 701 415 748 de
425 704 542 762 periurio
553 706 657 770 quaeri,
679 707 827 758 detenditur
838 721 885 767 per
895 722 942 756 ex-

104 765 249 826 ceptionem
258 766 440 823 iurieierepdi.
470 773 499 817 ln
512 772 545 818 iie
557 785 658 830 quoque
668 773 829 837 actionibue,
849 776 942 832 quibua

103 832 129 882 in
139 846 195 879 rere
204 833 309 897 egitur,
319 847 401 892 aeque
412 838 574 886 neeeeeariee
584 845 645 886 eunt
655 841 824 900 exceptione·
830 874 837 903 ,
858 842 942 890 veluti

104 900 244 960 elpetitore
250 900 790 970 detereatepoeeeoeoriurecerit,eemrem
798 922 869 955 ruem
876 923 941 975 eeae,

106 970 128 1015 et
145 966 323 1015 nihiloniuue
342 970 442 1029 petitor
461 973 567 1019 eandem
580 986 635 1020 rem
651 975 778 1033 vindicet3
799 976 862 1022 lieet
873 978 942 1025 euim

105 1048 189 1083 ceren
209 1035 247 1081 eit
257 1036 330 1093 quod
349 1037 480 1099 intendit,
502 1039 529 1086 id
539 1043 579 1085 eet
589 1053 644 1087 rem
660 1042 716 1087 eine
732 1055 803 1104 eaee,
826 1043 942 1100 iniquom

11 1120 13 1131 >
105 1106 184 1149 tenea
197 1104 255 1162 eat,
268 1115 445 1161 poeeeeeoreoe
457 1106 631 1153 condemnari.
651 1110 674 1167 β.
691 1111 714 1154 b.
731 1111 796 1156 ltem
808 1108 831 1154 ei
842 1109 941 1158 iudicio

107 1174 182 1217 tecum
193 1172 285 1215 actura
295 1170 390 1234 iucrlt,
402 1171 458 1218 aire
469 1172 496 1219 in
507 1186 562 1220 rem
575 1174 631 1221 eive
642 1174 670 1220 in
680 1188 832 1239 perennem,
843 1177 941 1224 niliilo-

106 1237 182 1284 ainue
192 1235 327 1294 obligatio
338 1239 429 1301 durat,
440 1242 467 1285 et
477 1240 537 1287 ideo
547 1239 605 1299 ipeo
616 1240 674 1289 iure
682 1243 806 1290 decadem
815 1258 843 1291 re
850 1248 942 1303 poetee

107 1303 222 1351 alumne
233 1306 261 1350 te
274 1303 318 1362 agi
329 1309 429 1369 pateat,
451 1306 497 1352 eed
507 1307 582 1354 debeo
592 1322 640 1366 per
655 1310 837 1368 exceptionem
849 1311 888 1359 rei
899 1311 941 1358 iu·

106 1370 197 1418 naue
206 1369 340 1418 adiuvari
369 1375 391 1432 ς.
405 1377 428 1419 b.
445 1373 515 1421 Haec
525 1375 637 1433 exempli
650 1389 726 1422 eeuee
736 1378 859 1425 retuiieee
871 1380 940 1425 euti·

106 1438 157 1485 ciet.
167 1435 298 1493 Alioquin
310 1451 386 1495 quam
397 1453 429 1486 ex
437 1441 526 1486 multia
535 1442 666 1499 rariieque
676 1444 761 1490 cauete
772 1446 940 1505 exceptionee

106 1502 263 1551 nemeeeriee
270 1504 374 1567 eint,ex
382 1505 692 1567 latioribuelligeetornm
701 1524 746 1558 eeu
754 1513 941 1559 Pendeeternm

107 1571 170 1617 iibrie
180 1570 302 1629 intelligi
315 1576 410 1631 poteet.
440 1575 463 1634 q.
474 1577 499 1621 l.
522 1574 637 1628 Quarum
653 1579 776 1634 quaedem
786 1594 820 1626 ex
832 1580 939 1641 legibue,

108 1637 143 1684 rel
152 1650 184 1685 ex
198 1637 253 1700 iie,
275 1651 343 1695 qnae
353 1640 420 1699 legia
430 1642 513 1688 vicem
525 1642 658 1705 obtinent,
671 1645 712 1692 rel
723 1659 757 1693 ex
769 1646 851 1705 ipeiue
860 1647 940 1692 Prae-

109 1705 165 1751 toria
175 1704 365 1753 ioriedietione
374 1708 545 1756 eubetantiem
556 1711 670 1768 capiunt.
698 1714 721 1771 q.
733 1716 750 1758 8
766 1714 941 1772 Appellantur

108 1775 184 1818 aeteae
204 1774 380 1831 exceptiooee
398 1775 467 1822 eliae
482 1781 621 1835 perpetuae
636 1782 665 1824 et
675 1781 861 1842 peremtoriee,
873 1780 941 1827 oliae

107 1839 260 1897 tenporalee
270 1843 300 1886 et
319 1841 467 1889 dilatoriae.
495 1845 520 1903 fl.
532 1847 557 1890 9.
577 1844 722 1904 Perpennae
732 1849 758 1893 et
769 1848 941 1907 peremtoriae

109 1910 174 1967 eunt,
192 1918 262 1962 qeee
273 1919 375 1967 comper
386 1910 524 1969 egentibue
533 1911 652 1973 obatent,
674 1918 699 1960 et
710 1927 810 1973 temper
820 1928 888 1977 rem,
910 1915 941 1960 de

108 1986 149 2031 qee
158 1973 258 2035 egitur,
268 1975 410 2034 perinent,
422 1977 506 2029 qnalie
517 1982 557 2024 eet
565 1980 689 2037 exceptio
697 1981 750 2027 doli
759 1981 829 2044 mali,
841 1981 941 2039 etqnod

107 2043 181 2087 actae
192 2053 274 2086 eeuee
283 2044 380 2090 lectum
391 2046 446 2106 eat,
469 2048 495 2091 et
506 2045 576 2103 pecti
587 2047 725 2109 conventi,
741 2061 819 2105 quum
830 2049 867 2095 ita
878 2063 941 2096 con-

106 2109 215 2167 reaerit,
225 2121 263 2155 ue
272 2110 381 2157 omniuo
392 2112 503 2170 pecunie
513 2115 654 2171 peteretur.
685 2116 708 2174 t.
723 2116 762 2161 lo.
775 2116 942 2174 Temporalee

106 2179 172 2232 etque
182 2174 327 2224 dilatoriae
337 2186 413 2241 eunt,
424 2190 488 2235 quae
499 2178 532 2224 ed
542 2184 642 2239 tempne
652 2184 762 2243 nocent,
780 2188 806 2229 et
818 2183 942 2242 temporie

107 2241 255 2289 iiletirmean
271 2244 406 2303 tribuunt;
426 2245 511 2302 quelle
521 2249 561 2292 eet
571 2248 640 2305 pecti
657 2249 795 2311 contenti,
817 2263 893 2307 quum
904 2250 943 2296 ite

108 2310 271 2372 micuerit,
281 2323 317 2357 ne
327 2311 400 2358 intre
410 2316 507 2358 certum
519 2315 618 2373 tempue
628 2320 764 2377 ageretur,
776 2317 859 2363 ueluti
871 2318 943 2364 intra

107 2376 321 2435 quinquennium
334 2392 394 2426 nem
404 2379 479 2425 linito
488 2393 522 2425 eo
533 2383 648 2440 tempore
655 2395 709 2428 non
720 2382 859 2441 impeditur
869 2390 943 2432 actor

107 2444 282 2500 reraeeeequi.
304 2444 524 2509 llrgoii,qeibne
545 2447 721 2496 intrecertunr
743 2452 843 2511 tempus
863 2465 942 2511 agere

107 2508 251 2557 roleutibee
268 2510 396 2559 obiicitur
406 2513 527 2574 exceptio
540 2519 584 2561 eut
595 2515 664 2573 pacti
676 2518 812 2581 conventi,
834 2523 879 2564 eut
890 2519 943 2566 alie

106 2575 208 2639 cimilia,
228 2577 335 2624 dilerrc
356 2580 450 2627 debent
462 2582 605 2643 actionem,
628 2586 654 2629 et
673 2585 733 2641 poet
745 2587 941 2645 tempueagere.

11 2664 13 2687 r
105 2641 162 2688 lieo
179 2642 251 2691 cuiae
270 2647 298 2690 ct
322 2645 464 2694 dilatoriae
483 2648 551 2695 iriae
573 2648 741 2709 exceptiones
766 2653 940 2711 appellentur.

104 2707 227 2771 Alioquin
238 2710 261 2756 ei
271 2710 344 2759 intre
354 2717 455 2773 tempne
467 2715 584 2778 egerint,
601 2716 753 2774 obiectaque
763 2719 799 2765 eit
809 2719 940 2782 exceptio,

105 2787 225 2832 acqaeeo
236 2778 335 2826 iudicio
345 2781 484 2839 quidquem
500 2789 720 2840 cenaequerentur
740 2789 848 2845 propter
863 2800 941 2835 exce-

104 2843 224 2907 ptionem,
232 2848 525 2907 neepoettempneolim
533 2862 610 2909 egere
617 2854 747 2914 poterent,
760 2866 836 2910 quum
845 2857 941 2901 temere

103 2922 154 2957 reta
163 2912 191 2958 in
207 2912 333 2960 iudicione
343 2915 504 2962 &ducebant
514 2919 541 2963 et
552 2919 753 2977 coneumebant;
775 2934 826 2978 qne
836 2922 940 2968 ratione

102 2989 154 3024 ren
165 2978 328 3028 emittebant
358 2983 443 3030 ilodic
463 2988 548 3033 autem
562 2996 613 3031 non
625 2985 663 3031 ite
673 2987 765 3034 atriete
776 2988 839 3035 lieee
849 3002 940 3046 proce-

102 3044 162 3092 dere
171 3045 309 3109 roloniae,
324 3049 369 3095 ead
380 3062 452 3110 cnm,
463 3052 506 3106 qui
518 3056 579 3100 ante
589 3054 691 3112 lempna
700 3055 830 3113 pactionie
842 3055 883 3101 vel
894 3055 940 3102 ob·

100 3110 243 3170 ligationie
253 3113 427 3166 iitemlnlerre
434 3122 567 3183 eueneeat‚
579 3121 747 3170 Zenonianae
754 3121 939 3169 conetitntioni

100 3184 238 3230 subiecere
248 3196 394 3248 ceueemue,
409 3199 483 3242 quam
494 3186 683 3234 neminimus
701 3189 838 3249 legielator
854 3188 886 3236 de
897 3189 939 3250 iia,

99 3248 146 3305 qui
158 3253 280 3307 tempore
292 3252 349 3310 plue
359 3253 493 3316 petierint,
514 3255 641 3315 protulit,
653 3260 680 3303 ut
692 3260 720 3302 et
729 3256 860 3317 induciae,
876 3268 940 3312 quae

99 3316 160 3375 ipae
172 3321 249 3363 ector
259 3323 352 3375 opunte
366 3319 520 3381 indoluerat,
531 3323 573 3368 vel
585 3324 678 3369 nature
689 3324 800 3370 aetionie
812 3323 938 3385 continet,

99 3384 128 3430 in
137 3382 249 3442 duplum
256 3384 365 3432 labeant
374 3387 407 3449 il,
417 3387 460 3444 qui
467 3389 545 3435 telem
551 3389 674 3436 iniuriam
682 3391 750 3449 paeri
759 3396 833 3453 eunt,
845 3395 871 3437 et
879 3395 938 3449 poet

99 3463 145 3496 eae
156 3450 247 3497 finitae
258 3465 312 3498 non
323 3454 400 3500 aliter
420 3455 493 3502 litem
504 3457 664 3518 eoempient,
676 3458 728 3504 eriri
739 3471 829 3505 omnee
839 3471 939 3517 expen-

11 3528 12 3533 ’
101 3531 140 3564 eee
149 3517 208 3564 litie
217 3522 297 3566 antee
306 3522 469 3585 acceperint,
490 3528 519 3569 ut
530 3528 633 3571 aetoree
650 3525 698 3571 teli
709 3540 795 3585 poena
805 3526 938 3585 perterriti

101 3587 614 3644 temporalitiumloceenturobaerrare.
632 3594 655 3652 p.
667 3595 704 3640 ll.
712 3594 851 3641 Praetereo
861 3593 939 3640 etiam

101 3666 133 3699 ex
152 3667 264 3712 perrone
274 3652 414 3704 dilatoriae
424 3662 488 3704 eunt
498 3658 683 3721 exceptiones,
704 3662 794 3717 queloe
805 3664 866 3708 eunt
876 3675 938 3720 pro-

102 3723 261 3785 curatoriee,
284 3723 368 3773 retuli
379 3724 402 3771 ei
413 3738 459 3784 per
475 3725 584 3773 militem
595 3730 640 3773 eut
650 3727 785 3775 mulierem
794 3741 872 3789 egere
882 3728 939 3785 quia

102 3788 172 3834 velit.
197 3791 263 3837 Nem
272 3790 403 3839 militibtm
412 3806 461 3840 nec
471 3807 519 3852 pro
532 3798 622 3857 patre,
633 3795 674 3841 rel
685 3798 780 3858 matre,
792 3797 834 3842 vel
845 3809 938 3859 uxore,

101 3867 147 3901 uec
157 3870 191 3905 ex
200 3870 276 3904 eaero
288 3860 419 3918 reecripto
431 3860 615 3919 procuratorio
631 3863 737 3910 nomine
746 3863 862 3923 experiri
874 3876 938 3909 con-

101 3923 211 3984 ceditur3
233 3925 288 3971 aule
308 3939 373 3973 xero
393 3928 508 3987 negotiie
528 3941 663 3987 eupereeee
681 3929 939 3978 eineotienaadieci-

101 3988 184 4047 lilim
194 3995 315 4052 poeeaut.
347 3993 401 4040 Eae
411 4008 474 4041 vero
484 3997 669 4059 exceptionee,
690 4010 755 4054 quae
771 3997 834 4043 olim
844 4011 939 4056 procu-

101 4059 228 4105 ntoribee
237 4062 348 4118 propter
357 4061 491 4109 infamiam
503 4063 544 4109 vel
555 4063 656 4125 mile,
669 4065 710 4110 vel
722 4064 804 4122 ipeiua
814 4077 939 4125 procura·

101 4125 161 4170 toria
182 4129 400 4192 opponebantur,
421 4140 497 4186 quum
517 4129 544 4176 iu
565 4130 672 4177 indicite
689 4132 849 4189 frequentari
866 4132 939 4178 nrrllo

102 4192 378 4256 eodopeeepeximue,
401 4197 585 4256 conquieoeere
602 4197 753 4260 eanximoe,
775 4213 822 4261 ne,
840 4199 898 4246 dum
909 4198 940 4246 dc

103 4254 138 4304 b'u
147 4259 294 4309 aiterum
300 4293 309 4325 ,
320 4261 405 4322 ipeiue
416 4264 517 4323 negotii
527 4265 687 4325 dicceptatio
698 4267 854 4325 proteletur.

410 4362 499 4424 TIT.
522 4364 622 4424 xlv.

276 4445 331 4494 on
355 4445 754 4500 nurnroxrroninna

157 4529 280 4579 nterim
290 4532 394 4595 evenit,
414 4535 445 4579 nt
455 4532 593 4594 exceptio,
615 4544 682 4592 quae
700 4535 784 4593 prima
793 4533 860 4581 laete
871 4532 940 4580 iueta

100 4593 232 4660 vidntur,
242 4599 334 4657 inique
340 4603 442 4646 noceat.
451 4600 527 4653 Quod
536 4613 592 4647 cum
598 4600 707 4665 eccidit,
719 4601 772 4648 alie
780 4600 940 4661 allegatione

101 4674 163 4720 opne
174 4668 215 4710 eet
225 4660 367 4714 adiurendi
379 4666 477 4713 ectorie
486 4667 586 4731 gretie,
599 4681 664 4725 quae
672 4668 809 4728 replicatio
821 4671 939 4731 vocatur,

103 4730 214 4790 qaieper
232 4747 289 4780 eam
311 4734 457 4793 replicetur
467 4738 543 4791 etque
560 4735 703 4782 recoluitor
714 4734 754 4784 lue
765 4735 939 4794 exceptionie3

105 4796 179 4843 ueluti
197 4813 257 4847 curn
274 4805 366 4860 peetue
382 4801 529 4861 eeteliqule
546 4814 604 4849 cum
614 4802 730 4850 debitore
741 4813 799 4863 eno,
821 4817 855 4848 ne
865 4804 896 4849 ab
909 4815 939 4849 eo

105 4866 230 4921 mulera
250 4871 339 4931 petet,
362 4868 456 4915 deinde
467 4869 595 4929 poeteein
612 4870 771 4917 contrarium
790 4869 859 4929 pecti
871 4874 940 4933 eunt,

104 4929 127 4976 ii
135 4934 173 4977 eet
181 4938 212 4979 nt
222 4934 351 4982 creditori
363 4939 453 4995 petere
464 4937 558 4998 liceat,
580 4934 602 4983 ei
613 4938 809 4998 creditoragat,
832 4940 858 4984 et
869 4938 940 4985 exei-

103 4996 152 5055 piet
159 4999 281 5064 debitor,
292 5003 365 5049 utlta
372 5004 472 5052 demum
480 5004 679 5065 condemnetur,
687 5007 709 5052 ei
717 5017 771 5051 non
778 5006 941 5068 convenerit,

103 5074 133 5111 ae
141 5063 211 5115 illam
222 5071 362 5127 pecuniam
374 5071 488 5119 creditor
497 5074 581 5135 petet,
602 5074 679 5119 nocet
690 5072 715 5120 ei
727 5073 862 5131 exceptio,
878 5086 941 5120 eon-

105 5132 168 5178 reoit
177 5136 250 5183 euim
259 5137 312 5196 ita,
324 5138 759 5196 nemqueulbilominoahocrerum
769 5143 869 5202 manet,
880 5140 941 5186 lieet

104 5203 185 5256 ponee
195 5203 224 5250 iu
234 5205 473 5264 contrariumpacti
483 5206 546 5251 aiut.
565 5206 615 5253 Sed
626 5205 872 5269 quiaiaiqunmeat,
885 5220 939 5253 cre-

104 5265 206 5318 ditorem
217 5270 342 5333 excludi,
353 5272 492 5331 replicatio
502 5273 527 5319 ei
548 5272 651 5320 debitur
660 5287 693 5321 ex
707 5274 854 5333 poeteriore
865 5276 940 5332 paeto

106 5341 237 5384 merente.
273 5341 297 5398 1.
313 5342 335 5385 i.
357 5339 455 5386 liureue
476 5336 605 5386 interdum
623 5341 726 5403 evenit,
746 5342 776 5386 ot
794 5340 940 5399 replicatio,

105 5404 328 5463 comprimendo
339 5406 461 5469 inrtaeit,
472 5406 670 5464 iniquenoeoat.
691 5407 829 5461 Quodcum
838 5406 940 5470 accidit,

105 5466 150 5515 rue
159 5472 322 5532 allegatione
334 5486 399 5532 opoe
410 5477 449 5522 eet
459 5474 598 5521 adiuvandi
612 5476 650 5523 rei
664 5475 762 5537 gratie,
773 5488 838 5533 quae
855 5474 940 5533 dupli·

107 5535 166 5582 tella
185 5544 306 5588 vocetur.
337 5542 361 5600 p.
374 5545 398 5587 2.
416 5541 451 5587 Et
461 5542 484 5588 ei
494 5555 584 5589 rureue
597 5556 628 5590 ea
647 5543 730 5603 prime
746 5542 811 5589 taeie
822 5541 891 5588 loeta
901 5541 940 5587 vi-

105 5598 201 5667 leetur,
224 5609 272 5655 aed
283 5612 392 5667 propter
402 5607 514 5666 aliquam
531 5622 631 5656 eeuaem
646 5610 729 5657 actori
740 5609 828 5669 inique
840 5612 940 5671 noceat,

104 5680 187 5718 terrae
198 5675 255 5720 elie
263 5675 426 5734 allegatione
437 5683 561 5739 opneeet,
572 5689 622 5733 qua
634 5680 707 5723 actor
714 5678 865 5739 adiuvetur,
877 5688 941 5732 quae

36 5760 42 5773 ·
106 5733 193 5787 litim
213 5742 371 5800 triplicatio.
400 5743 422 5801 p.
444 5745 467 5789 a.
488 5744 602 5796 tinorum
623 5747 737 5791 omnium
757 5745 940 5803 exceptionum

106 5815 173 5855 m
183 5808 319 5857 interdum
328 5809 456 5874 alteriue,
472 5824 548 5871 quem
555 5810 669 5859 nelma·
675 5846 683 5877 ,
695 5813 809 5860 verietee
819 5810 938 5871 negotio·

992 585 1049 619 rum
1057 570 1221 631 introduxit,
1233 583 1296 630 quae
1303 586 1393 621 omnee
1399 570 1513 632 epertiua
1519 584 1553 620 ex
1561 569 1829 631 lligeetorumiatiore

992 640 1127 687 volumine
1136 640 1212 687 tacite
1223 645 1262 686 eat
1282 653 1447 701 cognoecere.
1475 642 1499 699 q.
1510 642 1535 687 l.
1548 638 1724 697 Exceptionee
1734 642 1829 701 eutem,

994 706 1087 764 quibua
1098 707 1200 753 debitor
1211 706 1375 771 detenditur,
1386 708 1536 766 plerumque
1547 706 1732 754 accommodari
1743 708 1831 755 aoient

993 773 1072 821 etiem
1081 772 1275 819 tideiueeoribne
1286 775 1356 832 eiue3
1368 779 1394 820 et
1404 778 1483 835 recte,
1495 774 1668 834 quiaqnodeb
1679 775 1712 820 iia
1723 775 1830 837 petitur,

993 839 1061 887 idel)
1073 839 1130 898 ipao
1142 839 1258 886 debitore
1269 841 1323 899 peti
1335 841 1452 904 videtur,
1468 843 1529 900 quie
1538 841 1653 888 mandeti
1663 840 1760 888 iudicio
1770 842 1830 890 red-

994 907 1096 954 ditorne
1108 909 1147 952 eat
1157 906 1209 966 eie,
1231 908 1300 962 qood
1310 907 1330 953 ii
1342 921 1389 966 pro
1403 922 1434 954 eo
1445 908 1582 956 aolrerint.
1609 908 1665 961 Qua
1676 908 1792 970 ratione,
1804 911 1830 957 ct

993 974 1015 1020 ei
1027 987 1081 1020 non
1102 972 1133 1019 de
1152 973 1264 1032 petenda
1284 974 1394 1032 pecunie
1414 978 1503 1033 pactue
1523 976 1581 1035 quie
1600 988 1657 1021 eum
1676 988 1722 1021 reo
1741 976 1830 1037 inerit,

992 1041 1104 1101 placuit,
1126 1040 1234 1098 perinde
1244 1042 1430 1090 euecurrendum
1440 1054 1496 1088 eaae
1517 1056 1562 1100 per
1572 1041 1750 1101 exceptionem
1762 1043 1830 1102 pacti

993 1108 1114 1155 conventi
1127 1106 1181 1152 illie
1193 1120 1309 1169 quoque,
1319 1109 1363 1165 qui
1375 1121 1422 1166 pro
1435 1121 1467 1154 eo
1478 1109 1586 1167 obligati
1597 1112 1692 1171 errent,
1705 1108 1762 1156 eeei
1774 1122 1831 1156 eum

991 1174 1057 1233 ipeie
1076 1178 1165 1233 pacton
1185 1178 1263 1238 creet,
1283 1187 1317 1221 no
1330 1173 1361 1220 ab
1381 1175 1579 1233 eieeapecunie
1590 1179 1732 1233 peteretur.
1763 1177 1831 1222 Sane

991 1241 1115 1300 quaedam
1135 1240 1305 1299 exeeptiooee
1317 1254 1370 1287 nou
1383 1241 1473 1288 eolent
1490 1242 1531 1288 hie
1541 1243 1735 1289 accommodari.
1764 1242 1831 1289 Ecce

992 1308 1062 1355 enim
1073 1307 1184 1368 debitor,
1196 1308 1218 1353 ei
1230 1307 1305 1353 bunia
1316 1308 1370 1354 euie
1381 1308 1502 1368 ceeaorlt,
1513 1312 1539 1356 et
1550 1321 1649 1355 comeo
1660 1308 1773 1355 creditor
1783 1321 1832 1356 ex·

992 1375 1118 1437 periatur,
1129 1374 1281 1422 detenditur
1291 1389 1337 1435 per
1348 1377 1544 1434 exceptionem:
1565 1376 1616 1421 retii
1625 1376 1696 1421 donia
1715 1378 1829 1421 reerexit.

992 1442 1043 1489 Sed
1053 1442 1116 1488 haee
1127 1441 1249 1500 exceptio
1270 1441 1465 1489 ddeioaeoribue
1476 1456 1529 1488 non
1542 1442 1631 1498 datur,
1652 1440 1710 1487 ideo
1721 1441 1830 1501 ecilicet,

992 1510 1066 1570 qnia,
1078 1510 1121 1566 qni
1132 1509 1200 1555 elloe
1208 1522 1255 1568 pro
1265 1508 1383 1555 debitore
1391 1511 1504 1569 obligat,
1514 1510 1563 1555 boe
1572 1508 1684 1554 maxime
1695 1507 1830 1567 proapicit,

992 1580 1034 1636 ut,
1047 1588 1105 1622 eum
1123 1576 1290 1622 tacultatlbue
1311 1576 1398 1634 iepene
1414 1576 1493 1624 tuerit
1504 1576 1622 1638 debitor,
1642 1574 1726 1633 poerit
1746 1573 1829 1634 abile,

991 1655 1056 1699 quoe
1066 1655 1114 1702 pro
1126 1656 1159 1689 eo
1170 1643 1312 1705 obligauit,
1329 1656 1403 1689 auum
1412 1643 1545 1701 coneeqni.

1315 1743 1405 1802 ΤΙΤ.
1428 1744 1504 1803 XV.

1223 1826 1279 1874 on
1309 1828 1592 1876 ixrnonrcrrs.

1043 1910 1181 1972 Sequitur,
1193 1913 1224 1958 ut
1234 1911 1399 1970 diapieiamoe
1408 1910 1610 1970 deinterdietia,
1623 1922 1667 1956 eeu
1675 1908 1832 1971 actionibue,
1851 1963 1858 1971 ,

992 1990 1058 2036 qnae
1069 1992 1117 2037 pro
1127 1979 1168 2024 lxia
1189 1983 1355 2026 exercentur.
1383 1979 1466 2025 Ereut
1477 1984 1562 2024 autem
1583 1977 1722 2023 interdicta
1733 1979 1833 2025 iormaa
1906 1994 1910 2008 ¹

993 2049 1071 2101 etque
1081 2046 1266 2104 conceptionee
1278 2046 1429 2104 uerborum,
1446 2046 1537 2104 quibua
1548 2046 1656 2093 Praetor
1667 2049 1712 2091 aut
1728 2044 1833 2092 iubebat

993 2112 1092 2168 aliquid
1103 2112 1173 2174 lieri,
1195 2119 1239 2159 ent
1249 2112 1307 2160 lieri
1318 2111 1486 2172 prohibebat;
1508 2113 1576 2169 quod
1588 2115 1651 2158 tunc
1670 2113 1782 2159 maxime
1793 2115 1833 2159 ta-

994 2179 1092 2239 eiebet,
1106 2192 1182 2236 quum
1191 2179 1225 2227 de
1236 2179 1402 2241 poaaeaaione
1413 2184 1458 2227 aut
1480 2181 1553 2238 queei
1574 2179 1741 2239 poaaeaaione
1762 2179 1832 2226 inter

993 2245 1095 2304 eliquoa
1106 2248 1319 2295 contendebatur.
1339 2250 1362 2307 q.
1377 2249 1398 2293 l.
1411 2248 1605 2294 Summaantem
1615 2246 1710 2292 diriaio
1722 2247 1833 2292 interdi-

993 2316 1093 2359 ctorum
1105 2314 1168 2361 baec
1179 2320 1232 2375 eat,
1255 2314 1322 2372 quod
1332 2316 1377 2359 ant
1389 2314 1563 2373 prohibitoria
1572 2316 1649 2375 eunt,
1670 2318 1714 2359 ent
1725 2313 1832 2360 reatitu-

995 2381 1078 2439 toria,
1100 2386 1145 2426 aut
1164 2382 1333 2428 exhibitorie.
1361 2381 1537 2428 Prohibitorio
1553 2384 1626 2440 aunt,
1647 2380 1737 2437 quibua
1761 2383 1832 2426 rotat

994 2446 1092 2504 aliquid
1102 2447 1172 2509 lieri,
1184 2448 1267 2495 reintl
1278 2449 1329 2495 rim
1337 2448 1394 2495 eine
1405 2449 1471 2494 uitio
1483 2448 1637 2507 poeaidenti,
1650 2446 1690 2493 rel
1702 2451 1832 2493 mortuum

994 2514 1135 2573 interemti,
1147 2529 1197 2572 quo
1209 2516 1234 2562 ei
1246 2515 1286 2561 iue
1296 2518 1354 2562 eret
1364 2514 1504 2575 interendi,
1516 2514 1558 2560 rel
1568 2514 1596 2559 in
1604 2525 1678 2559 eecro
1689 2513 1748 2560 loeo
1760 2513 1831 2560 nedi-

993 2580 1079 2640 bceri,
1103 2582 1144 2627 xci
1156 2582 1183 2627 in
1194 2582 1299 2630 tlnmine
1309 2583 1413 2641 publico
1423 2582 1513 2641 ripere
1524 2581 1580 2627 eiua
1590 2580 1690 2636 eliqnid
1699 2580 1769 2639 lieri,
1780 2593 1831 2638 quo

993 2649 1067 2707 peine
1079 2648 1225 2707 navigetur.
1245 2648 1418 2696 lleatitutoria
1428 2654 1504 2707 aunt,
1515 2649 1606 2705 quibua
1617 2648 1721 2694 reatitui
1733 2647 1832 2705 aliquid

993 2714 1079 2775 iubet,
1104 2715 1185 2761 veluti
1206 2717 1331 2763 bonorum
1352 2717 1498 2776 poaaeaeori
1516 2715 1708 2774 poaaeaaionem
1733 2728 1831 2775 eorum,

992 2783 1177 2840 quaeqniapro
1186 2783 1280 2830 herede
1286 2788 1331 2830 eut
1339 2798 1387 2843 pro
1394 2796 1544 2843 poaaeeeore
1552 2782 1668 2841 poaaidet
1680 2795 1712 2830 ex
1720 2782 1831 2829 cebere-

991 2849 1083 2909 ditate,
1090 2854 1200 2895 autenm
1207 2851 1318 2911 iubetei,
1326 2851 1369 2908 qul
1377 2853 1403 2897 ri
1413 2851 1578 2910 poeneeeione
1585 2850 1657 2895 tundi
1665 2848 1831 2910 deiectueait,

992 2916 1097 2962 restitui
1106 2916 1307 2975 poaaeaaionem.
1321 2919 1563 2977 Exhibitoriaeunt,
1574 2930 1691 2975 perquae
1702 2916 1772 2962 iubet
1783 2929 1830 2963 ex·

992 2982 1089 3043 biberi,
1101 2984 1182 3031 veluti
1194 2998 1265 3045 eum,
1277 2986 1350 3031 cuiue
1362 2987 1393 3033 de
1403 2986 1524 3033 libertate
1535 2985 1637 3043 egitur,
1648 2986 1692 3030 aut
1700 2983 1830 3039 libertum,

992 3050 1033 3095 cui
1043 3056 1172 3108 petronus
1183 3064 1275 3110 operae
1284 3051 1401 3099 indicere
1409 3053 1487 3117 uelit,
1499 3056 1543 3098 aut
1553 3052 1655 3111 parenti
1663 3051 1774 3109 liberoe,
1786 3062 1829 3106 qur

992 3116 1019 3161 in
1033 3122 1162 3175 poteatote
1182 3118 1238 3164 eine
1258 3122 1328 3165 eunt.
1363 3120 1431 3166 Sunt
1446 3123 1531 3165 temen
1542 3118 1584 3175 qui
1596 3121 1703 3178 putent,
1723 3114 1829 3175 proprie

991 3182 1132 3229 interdicta
1144 3198 1176 3231 ea
1185 3185 1288 3247 uocari,
1308 3199 1374 3243 quac
1386 3185 1559 3245 prohibitoria
1569 3187 1644 3243 aunt,
1663 3185 1724 3241 quie
1743 3183 1828 3229 inter-

991 3249 1076 3296 dicere
1085 3254 1125 3296 eat
1136 3250 1292 3308 denuntiare
1314 3257 1340 3299 et
1350 3253 1503 3311 pronibere,
1524 3250 1689 3297 reatitntoria
1705 3252 1789 3298 nutem
1801 3252 1827 3294 et

991 3316 1152 3364 exhibitoria
1171 3318 1278 3378 proprie
1294 3320 1399 3366 decreta
1408 3320 1507 3366 uocari.
1534 3316 1584 3363 Sed
1595 3323 1680 3362 tamen
1697 3315 1827 3375 obtinuit,

991 3385 1078 3430 omnia
1090 3383 1379 3447 interdictaeppeliari,
1389 3387 1451 3444 quie
1461 3386 1530 3434 inter
1541 3384 1606 3430 duoe
1617 3383 1747 3430 dicontur.
1766 3384 1788 3441 l.
1801 3384 1825 3428 2·
1840 3428 1846 3435 .

991 3453 1108 3508 Sequens
1121 3452 1216 3500 dirieio
1237 3453 1437 3501 interdictorum
1458 3456 1521 3503 baec
1537 3455 1592 3511 eet,
1615 3450 1683 3509 quod
1705 3450 1827 3507 quaedam

991 3518 1172 3579 edipiecendae
1183 3521 1358 3580 poeeeaaionie
1369 3535 1446 3569 cauea
1458 3522 1606 3582 comparata
1618 3522 1692 3577 auxit,
1705 3516 1826 3575 quaedem

991 3587 1158 3649 retinendae,
1178 3588 1301 3646 quaedam
1320 3590 1522 3648 recuperandae.
1559 3590 1581 3647 5.
1595 3589 1618 3633 l.
1640 3584 1828 3644 Adipircendac

991 3655 1165 3713 poaaeaaionia
1186 3668 1264 3701 cauea
1287 3655 1453 3704 interdictum
1474 3654 1682 3704 accommodatur
1701 3653 1828 3698 bonorum

991 3723 1149 3785 poeaeeeori‚
1161 3724 1229 3780 qnod
1240 3723 1388 3782 appellatur
1399 3738 1505 3781 quorum
1517 3725 1657 3779 bonorum,
1669 3719 1773 3775 eiusque
1789 3717 1828 3762 xie

992 3793 1018 3835 et
1026 3794 1142 3848 poteetae
1153 3791 1216 3838 baec
1224 3795 1278 3851 eet,
1289 3792 1446 3852 ut,qnodex
1459 3792 1493 3837 iia
1504 3791 1580 3836 bonit
1589 3788 1709 3845 quicque,
1720 3797 1828 3843 quornm

991 3858 1122 3915 poeeeeeio
1130 3858 1209 3905 elicui
1221 3858 1281 3905 deta
1291 3861 1339 3920 eat,
1350 3858 1549 3917 proheredeaut
1559 3868 1604 3916 pro
1613 3866 1760 3913 poreeeeore
1768 3863 1828 3910 poe·

991 3924 1083 3985 eideat,
1096 3925 1122 3971 id
1132 3927 1167 3987 ei,
1179 3925 1220 3971 coi
1229 3926 1354 3973 bonorum
1366 3926 1496 3985 pomereio
1508 3927 1567 3971 dato
1575 3928 1623 3982 eat,
1635 3922 1773 3968 reatitnere
1785 3918 1829 3964 de·

991 3993 1059 4038 beat.
1078 3993 1129 4038 Pro
1138 3993 1323 4041 heredeautem
1334 3993 1466 4053 poaaidere
1477 3993 1595 4047 uidetur,
1608 3989 1649 4047 qui
1661 3991 1734 4046 putet
1746 4000 1773 4032 ae
1782 3985 1829 4030 he·

991 4058 1077 4105 redem
1088 4072 1160 4117 cere,
1174 4073 1220 4118 pro
1232 4074 1383 4119 poeaeaeorc
1393 4060 1416 4106 ie
1427 4059 1557 4119 poaaidet,
1568 4058 1611 4115 qui
1624 4056 1696 4101 nullo
1707 4054 1764 4101 iuro
1775 4064 1828 4098 rem

991 4125 1190 4191 hereditariam,
1210 4128 1253 4173 vel
1264 4130 1343 4175 etiam
1354 4131 1435 4173 totam
1456 4127 1643 4183 hereditatem,
1663 4121 1747 4168 acione
1758 4119 1790 4165 ad
1801 4131 1829 4164 ae

991 4206 1045 4238 non
1056 4194 1203 4256 pertinere,
1214 4195 1337 4253 poaaidet.
1368 4195 1428 4241 ldoo
1440 4198 1524 4240 autem
1536 4189 1716 4249 ndipiecendne
1727 4198 1829 4247 posaeo-

992 4260 1075 4305 eionie
1086 4264 1194 4307 uocetur
1215 4263 1396 4321 interdictum,
1415 4261 1476 4318 quin
1487 4261 1513 4307 ei
1525 4261 1624 4306 tantum
1636 4257 1701 4302 utile
1711 4260 1764 4313 oet,
1784 4251 1828 4309 qui

992 4340 1062 4373 noete
1072 4330 1183 4387 primum
1194 4333 1305 4375 conatur
1315 4328 1425 4387 adipieoi
1436 4327 1474 4374 roi
1486 4326 1687 4386 poaaeaaionem.
1706 4324 1794 4377 ltaque
1803 4318 1827 4364 ei

992 4395 1049 4452 quie
1065 4396 1173 4453 adeptue
1185 4396 1375 4454 poaaeaaionem
1388 4394 1503 4440 amieerit
1514 4407 1584 4452 eum,
1605 4393 1653 4438 boc
1664 4388 1827 4435 interdictum

991 4462 1016 4509 ei
1027 4463 1123 4510 inutile
1141 4466 1190 4509 eat.
1218 4463 1385 4509 interdictum
1396 4474 1510 4522 quoquo,
1531 4460 1599 4517 quod
1616 4451 1830 4516 appellatursnl·

992 4529 1112 4591 bianum,
1124 4529 1305 4589 adipiscendae
1326 4528 1498 4588 poaaeaaionie
1506 4540 1586 4573 cauae
1596 4524 1768 4598 comparatum
1779 4520 1828 4576 eat,

992 4610 1073 4655 eoque
1094 4597 1177 4643 utitur
1197 4598 1316 4643 dominue
1336 4596 1410 4643 tundi
1421 4596 1452 4641 de
1463 4595 1541 4641 rebua
1550 4591 1653 4652 coloni,
1673 4600 1736 4646 quea
1747 4598 1829 4664 repro

992 4664 1151 4711 mercedibus
1173 4664 1245 4711 tundi
1268 4663 1370 4722 pignori
1383 4664 1484 4709 loturae
1496 4660 1646 4720 pepigieeet.
1675 4658 1698 4715 q.
1712 4657 1736 4700 4.
1756 4654 1828 4730 llotrt

991 4731 1092 4778 mendae
1112 4732 1284 4789 poaaeaaionia
1296 4744 1373 4777 eauaa
1393 4734 1541 4788 comparata
1562 4728 1622 4772 eunt
1633 4721 1774 4769 interdicta
1790 4724 1829 4765 ute

993 4797 1132 4858 poaaidetie
1143 4804 1168 4845 et
1180 4798 1282 4857 utrubi,
1294 4812 1349 4844 enm
1361 4796 1392 4842 ab
1402 4800 1511 4854 utroque
1531 4799 1605 4853 parte
1617 4792 1648 4837 de
1668 4787 1829 4848 proprietate

993 4865 1104 4912 alicuine
1115 4865 1154 4913 rel
1175 4864 1413 4927 controveraineit,
1434 4867 1460 4909 et
1478 4866 1538 4909 ente
1557 4858 1705 4919 quaeritur,
1727 4859 1829 4901 uterox

992 4933 1173 4992 litigatoriboe
1195 4932 1342 4995 poaaidere,
1362 4932 1459 4977 otutor
1473 4935 1563 4988 petere
1583 4927 1683 4974 debeat.
1714 4925 1829 4978 Namque
1913 4948 1918 4961 ·

993 5002 1043 5047 niel
1055 5006 1116 5048 ante
1125 5002 1289 5061 exploratum
1300 4999 1388 5060 luerit,
1395 4996 1479 5043 utrina
1489 5009 1578 5043 eorum
1587 4990 1716 5053 pomereio
1725 4990 1828 5066 eit,no·n

994 5072 1080 5126 poteet
1091 5069 1216 5128 petitoria
1236 5066 1306 5113 actio
1318 5063 1438 5125 inetitui,
1458 5063 1519 5120 quia
1531 5066 1557 5110 et
1567 5060 1654 5108 civilia
1665 5061 1691 5105 et
1702 5055 1829 5104 nnturolre

992 5136 1061 5182 ratio
1071 5136 1150 5197 tacit,
1171 5140 1199 5181 ut
1211 5134 1278 5180 aliua
1289 5133 1436 5192 poaaideat,
1456 5131 1524 5176 aliua
1544 5143 1560 5176 a
1577 5127 1727 5188 poaaidente
1748 5124 1827 5182 petet.

992 5203 1027 5248 Et
1036 5202 1097 5259 quie
1107 5202 1185 5260 longe
1195 5199 1353 5247 commodior
1363 5202 1417 5259 eat,
1428 5197 1561 5257 poaaidere
1577 5195 1679 5255 potiue,
1699 5205 1771 5249 quam
1783 5204 1828 5248 pe-

992 5274 1063 5329 tere,
1085 5268 1142 5315 ideo
1165 5268 1313 5326 pierumque
1330 5270 1357 5312 et
1366 5267 1420 5313 iere
1431 5278 1532 5324 temper
1545 5264 1639 5323 ingene
1648 5259 1754 5309 oxaietit
1765 5270 1828 5303 con·

993 5336 1077 5383 tentio
1085 5337 1115 5382 dc
1127 5332 1364 5395 ipaupoeeeeeione.
1377 5332 1542 5379 Commodum
1552 5335 1638 5377 eutem
1646 5324 1827 5388 poaaidendiin

992 5407 1087 5463 eocet,
1107 5403 1190 5465 quod,
1210 5400 1313 5448 etiemei
1325 5401 1381 5447 eiua
1401 5413 1443 5446 ree
1454 5413 1508 5446 non
1522 5398 1571 5460 eit,
1592 5398 1636 5455 qui
1656 5394 1784 5454 poaaidet,
1804 5391 1827 5438 ai

991 5472 1068 5520 modo
1079 5476 1152 5517 actor
1171 5482 1224 5517 non
1235 5468 1351 5528 potnerit
1369 5480 1441 5514 enam
1451 5480 1509 5514 eme
1518 5466 1642 5525 probaro,
1652 5467 1767 5509 remanet
1779 5472 1827 5504 erro

992 5541 1051 5586 loeo
1064 5538 1209 5596 poeeeeeio;
1230 5538 1337 5597 propter
1353 5547 1429 5592 quem
1444 5547 1559 5593 caueam,
1580 5545 1637 5580 eum
1648 5530 1757 5575 obecurn
1768 5527 1829 5571 aurit

991 5603 1126 5662 utriunque
1137 5606 1208 5665 iura,
1219 5609 1310 5651 eontra
1320 5601 1461 5662 petitorum
1471 5600 1579 5647 indicari
1590 5599 1667 5647 eolet.
1685 5595 1734 5642 Sed
1746 5594 1827 5671 inter-

992 5674 1061 5719 dieto
1075 5672 1177 5728 quidem
1187 5672 1227 5718 uti
1238 5669 1377 5732 poaaidetia
1385 5669 1416 5715 de
1427 5667 1547 5715 lendium
1554 5666 1655 5713 aedium
1664 5671 1827 5737 pomeremne

992 5741 1174 5802 contenditur,
1193 5740 1281 5787 utrubi
1300 5750 1362 5786 vero
1382 5736 1523 5784 interdicto
1543 5733 1574 5781 dc
1590 5744 1674 5780 rerum
1693 5724 1826 5774 mobilium
1871 5768 1876 5775 p

991 5808 1157 5868 loeeeeaione
1184 5808 1300 5862 tinorum
1310 5806 1349 5854 ria
1361 5818 1390 5919 'ec
1395 5807 1512 5902 peterten
1518 5801 1653 5864 plurimam
1664 5797 1734 5843 inter
1741 5804 1769 5838 ee
1777 5789 1829 5844 iit-
