4314 6436
327 407 381 464 aba
559 368 562 372 Δ
618 401 703 455 mu.
732 400 933 456 xxxma·
970 401 1026 457 nn
1061 399 1192 463 auno,
1227 396 1447 463 rnunuro,
1480 396 1634 452 murno
1670 396 1761 454 arc.

327 561 382 595 reru
389 540 419 594 ¹et
430 545 548 604 nepotem
558 555 592 591 ex
602 541 658 589 tilio
670 543 759 601 aequia
768 542 884 600 partibur
895 542 1002 589 beredee
1014 537 1133 600 reliquit,
1144 543 1171 589 et
1205 540 1236 587 ad
1247 539 1393 599 aepulrrnm
1403 539 1499 587 morari
1510 540 1632 604 voluerit,
1640 553 1675 589 an
1685 541 1808 590 alimenta
1818 542 1975 601 praeatanda
1981 541 2051 594 aiati

328 615 461 663 iteravit:
473 614 538 658 Item
548 612 649 673 libertis
660 613 800 672 urer'a,qaor
812 612 884 658 rirue
894 612 1037 666 manuuu‘ei,
1049 625 1092 671 ea,
1104 615 1172 670 quere
1205 607 1363 667 Respondit:
1383 621 1437 654 non
1446 608 1610 669 praeatande.

324 681 510 744 praestabam,
520 679 660 724 clericulo.
696 676 910 735 Quaeritumeat:
931 690 963 723 an
974 683 999 724 et
1010 677 1052 734 qui
1064 691 1095 723 eo
1108 682 1172 723 tem·
1256 673 1800 739 XIX.1dem1ibroXX11.Dipertoreet.
1837 676 2051 728 Teatamentoiia

328 762 400 812 pore,
414 744 1173 805 quoaorietaaiutereorpermanait,manumiraiabutria·
1206 741 1383 790 eantumiuit:
1404 741 1516 792 Iibertir
1537 746 1600 792 meir
1619 746 1743 802 ribaria,
1763 758 1879 806 quaeqae
1899 745 1956 793 ulia
1974 760 2051 805 praa-

329 829 387 876 que,
400 820 426 861 et
437 826 581 861 communen
592 811 681 859 liberti
692 812 755 859 laeti
766 817 835 871 aunt,
846 825 884 873 ea,
896 813 1103 870 quaervivente
1113 826 1173 871 per·
1206 810 1319 867 stubam,
1338 810 1373 856 ab
1392 809 1529 859 hereditare
1547 814 1609 860 meir
1625 811 1857 874 praeeteriu0103
1877 825 1944 859 unm
1965 826 2001 860 ex
2019 812 2052 860 li-

330 883 468 943 eipiebent,
480 881 564 927 rolida
575 893 609 927 ex
619 878 815 928 fideicommirao
827 883 915 939 petere
927 878 1043 937 poariutt
1057 881 1173 937 Reapon·
1206 876 1287 925 bertir
1298 890 1331 924 ox
1344 875 1481 924 voluntate
1494 878 1597 937 patroni
1608 878 1711 939 negotii
1720 879 1761 926 aui
1777 879 1864 941 pratia
1880 878 2051 939 quadriennio

330 950 385 997 dit:
406 962 460 995 non
471 948 593 1011 amplior,
604 947 756 1005 quamquod
767 947 808 994 uir
818 959 864 1007 pro
875 959 922 992 aua
932 949 1005 1006 parte
1015 948 1172 1008 praestabat,
1207 943 1349 993 antediem
1359 943 1558 1009 mortirabiuitq
1581 959 1613 993 ea
1629 947 1676 994 bar
1697 959 1774 993 raum
1796 946 1903 1009 ribaria,
1922 960 1988 1007 qnae
2009 961 2054 995 an-

330 1015 428 1064 deberi.
1208 1016 1233 1058 te
1253 1015 1398 1074 acceperat,
1417 1012 1509 1059 mortia
1531 1018 1646 1073 tempore
1665 1026 1719 1061 non
1736 1014 1848 1074 recepit,
1868 1013 1909 1062 eui
1924 1018 2013 1061 umen
2021 1014 2054 1063 li·

379 1083 461 1130 thl.
479 1082 499 1145 J
503 1083 570 1129 dem
590 1082 657 1129 titre
677 1079 754 1128 XIX.
771 1080 945 1141 Digestorum.
979 1079 1172 1131 Seruoaadeu-
1207 1080 1281 1125 berto
1293 1079 1382 1125 eodem
1393 1082 1548 1127 teatamento
1561 1083 1695 1144 patronua,
1705 1082 1772 1128 aient
1782 1085 1808 1128 et
1820 1080 1891 1141 aliia,
1902 1094 1968 1141 quoa
1980 1082 2055 1130 viror

223 1203 227 1211 ‚
329 1149 709 1209 atodiamtemplireliquerot,
731 1148 848 1196 ethirnb
864 1148 957 1195 herede
978 1148 1112 1207 legaverat
1132 1147 1173 1193 hia
1208 1146 1524 1207 menumiaerat,legatum
1536 1148 1771 1208 quinquedederat.
1792 1149 2055 1205 narentanorum

329 1218 415 1265 rerbia
425 1231 432 1265 :
443 1215 627 1279 Petofideique
638 1217 848 1277 moecenatina,
859 1216 941 1263 etrier
949 1223 1072 1274 praeater
1083 1217 1109 1260 in
1119 1228 1174 1260 eae-
1208 1212 1252 1259 irti
1262 1226 1363 1272 quoque
1374 1213 1471 1261 ribaria
1482 1218 1508 1261 et
1519 1214 1628 1278 reliqua,
1649 1230 1713 1273 quae
1729 1216 1824 1265 reteria
1843 1215 1946 1265 libertia
1966 1215 2056 1279 tegata

328 1287 439 1333 noriam
449 1300 532 1332 ereum
540 1285 688 1346 pediaequir
699 1286 774 1345 mma,
794 1296 858 1343 quor
867 1282 905 1329 nd
912 1297 1001 1329 ruram
1013 1283 1102 1342 tempii
1110 1282 1173 1328 reli·
1208 1279 1448 1340 auut,debeanturi
1467 1281 1623 1343 Beapondit;
1643 1296 1689 1331 eur
1698 1286 1772 1332 noni

328 1353 382 1416 qai,
402 1353 509 1414 ungulia
518 1358 653 1399 menstrua
664 1351 769 1397 ribaria
788 1354 815 1396 et
833 1364 921 1395 amna
941 1351 1067 1396 vestiaria
1087 1355 1170 1397 certa.
1257 1346 1793 1412 ulrentrrr0111.nerpomrue.
1822 1350 1927 1413 anetae
1945 1352 2057 1403 neura
2154 1380 2155 1423 q

328 1419 546 1474 Quaeritumeatr
568 1431 644 1476 quum
654 1417 778 1476 templum
790 1416 904 1463 nondum
919 1421 987 1463 erret
1005 1419 1174 1478 exatruotnm,
1207 1416 1675 1478 meoraepoaliberert05ruideeeea
1687 1420 1970 1468 aureoramerrart
1978 1421 2057 1482 aotop
2154 1440 2155 1467 t

328 1501 363 1535 ex
374 1487 416 1534 die
426 1486 526 1547 mortia,
537 1500 570 1533 an
582 1498 646 1533 vero
657 1498 691 1533 ex
702 1499 733 1533 eo
744 1487 869 1545 tempore,
892 1496 942 1542 quo
953 1483 1076 1543 templum
1087 1482 1174 1541 expli·
1207 1481 1251 1539 qui
1261 1481 1357 1528 deinde
1366 1481 1528 1543 iriterpoaitia
1547 1485 1698 1532 nominibua
1712 1486 1794 1534 eidem
1804 1485 1894 1534 Sticho
1914 1487 2057 1536 eoutnber.

328 1554 408 1604 eitum
417 1553 505 1614 tuerit,
518 1553 649 1612 percipere
662 1552 732 1600 rervi
743 1552 853 1599 debeant
863 1551 996 1610 legatumi
1018 1551 1172 1609 herpoudit:
1208 1548 1292 1596 nalem
1303 1548 1360 1594 einr
1371 1553 1397 1598 et
1407 1551 1504 1599 liberor
1514 1552 1620 1615 legarit,
1627 1552 1720 1615 iiaque,
1730 1566 1795 1611 quae
1805 1553 1880 1600 viana
1891 1555 2056 1617 praeatabatq

232 1648 243 1659 =
297 1638 301 1641 ’
329 1620 644 1670 odirioiudiriaherodem
662 1619 868 1679 compellendum
882 1616 966 1666 aerrir
986 1616 1079 1666 relieta
1099 1630 1174 1679 prae-
1207 1615 1301 1663 deiude
1312 1615 1365 1662 alio
1376 1617 1459 1677 eapite
1469 1619 1572 1667 libertia
1590 1620 1710 1669 omnibna
1729 1634 1795 1681 quae
1806 1621 1880 1668 vium
1891 1621 2056 1682 praeambit,

328 1691 408 1750 atare,
420 1689 502 1735 donee
512 1687 633 1748 templum
644 1691 833 1736 exstrueretur.
1208 1683 1263 1730 dari
1275 1683 1361 1732 inerit.
1396 1688 1514 1742 Quaeroz
1534 1698 1568 1734 en
1578 1687 1683 1736 Stirhua
1693 1692 1798 1749 praeter
1807 1701 1881 1737 anum
1898 1689 2020 1749 tegetum
2032 1692 2057 1741 et

378 1755 473 1802 thll.
492 1755 582 1803 Idem
600 1750 741 1803 retraxit
754 1753 928 1816 Digestorum.
963 1750 1090 1816 Libertir,
1111 1764 1174 1813 quoa
1208 1750 1332 1797 alimenta
1341 1752 1473 1812 percipere
1483 1755 1584 1816 poaritt
1603 1755 1762 1816 Rerpoodit:
1780 1757 1921 1804 aeenndum
1931 1770 1980 1819 ea,
1993 1769 2057 1817 quaa

327 1824 484 1871 tertamento
494 1822 694 1884 manumiaerat,
715 1821 897 1868 alimentorum
910 1821 1015 1869 nomine
1026 1823 1173 1868 menatruoa
1209 1824 1431 1884 proponerentur,
1451 1835 1600 1882 uonpoare.
1636 1825 1696 1884 §.h
1717 1823 1868 1881 ltemquum
1884 1822 2058 1871 alimentali-

242 1888 246 1893 '
328 1891 416 1939 decern
426 1891 572 1951 legaverat,
593 1889 685 1941 deinde
696 1887 823 1936 codicillia
833 1889 992 1948 generaliter
1007 1889 1125 1936 omuibua
1139 1886 1173 1934 li·
1209 1886 1289 1933 bertia
1300 1887 1434 1949 utriunque
1444 1902 1523 1941 arana
1533 1890 1670 1948 reliquerit
1681 1905 1697 1938 a
1706 1890 1880 1953 repnbiioa,et
1892 1904 1926 1938 ea
1934 1890 2058 1954 praediir,

328 1956 410 2006 bertia
421 1960 566 2006 menatruor
577 1961 684 2017 reptem,
695 1959 721 2004 rt
731 1969 832 2004 annunt
844 1954 960 2002 reetiarii
972 1957 1078 2003 nomine
1093 1956 1174 2003 deuon
1208 1967 1272 2014 quae
1284 1952 1308 2000 ei
1318 1953 1425 2020 legarit,
1437 1957 1493 2005 dari
1505 1958 1641 2022 rolnirret,
1651 1971 1762 2019 quaerut
1778 1957 1867 2006 Stiebo
1874 1958 2059 2007 rontuberualt

327 2023 434 2085 legavit.
471 2025 622 2083 Quaeritum
633 2026 689 2073 eat:
710 2036 743 2069 an
754 2027 780 2071 et
791 2038 825 2071 ex
836 2026 1000 2086 teatnmento,
1020 2027 1047 2071 et
1057 2036 1090 2073 ex
1103 2022 1174 2069 rodi·
1209 2024 1235 2069 et
1246 2020 1338 2068 liberie
1350 2027 1437 2071 utrum
1446 2024 1478 2072 ab
1488 2025 1583 2074 herede
1594 2024 1728 2091 inutituto,
1749 2037 1809 2073 ana
1830 2025 1967 2086 republica
1977 2024 2060 2075 dirria

286 2150 289 2155 ἱ
329 2092 512 2140 rillialibertia
522 2092 745 2141 fideicommiaaum
765 2091 873 2139 beredea
895 2094 1027 2151 praertare
1047 2091 1174 2138 debeantt
1209 2090 1636 2154 etreatiarin‚qnaeemundabat,
1655 2092 1920 2153 praeataridebeautt
1941 2094 2059 2154 lierpon-

327 2159 487 2219 iteapondit:
507 2160 573 2208 nihil
584 2159 704 2220 proponi,
725 2172 769 2206 eur
779 2172 833 2206 uon
842 2172 881 2221 ea,
901 2171 965 2218 quae
976 2158 1104 2206 codicillia
1115 2158 1175 2205 dato
1209 2157 1261 2205 dit:
1271 2171 1348 2216 poree
1359 2159 1471 2218 benigna
1481 2159 1851 2220 voluntatieinterpretatlone
1862 2159 1932 2222 diei,
1949 2160 1988 2208 iia
1999 2173 2058 2219 qno·

268 2228 270 2232 ’
327 2230 546 2290 proponerentur,
556 2226 683 2289 praeatari
694 2225 902 2285 deberent3nam
913 2227 944 2273 ab
955 2225 1004 2287 hia,
1015 2239 1080 2284 qnae
1095 2230 1175 2275 trata·
1209 2226 1597 2287 qnenrepubllrapraeatauda.
1634 2230 1656 2289 ς.
1675 2232 1699 2276 2.
1721 2227 2058 2277 Titiauaurairnetumian·

327 2298 418 2344 mento
429 2296 583 2344 cibariorum
594 2295 700 2343 nomine
709 2293 793 2353 legato
803 2298 899 2354 errent,
908 2308 1036 2342 rereaaum
1048 2307 1105 2342 earo
1115 2307 1175 2352 pro·
1210 2291 1236 2338 di
1246 2291 1344 2352 legarit
1355 2295 1468 2355 Maeuio,
1479 2295 1586 2355 eiurque
1597 2294 1658 2343 ddei
1669 2295 1804 2358 rommiait,
1811 2298 1840 2342 ut
1850 2307 1885 2343 ex
1895 2296 1989 2344 reditu
2000 2296 2057 2344 ian·

230 2414 232 2418 Α
328 2367 436 2425 pterea,
456 2362 660 2423 quaeendirillia
673 2361 847 2409 relictarunt.
881 2362 939 2424 pl.
959 2361 1175 2409 bianumiaaiete-
1209 2358 1235 2406 di
1246 2360 1543 2422 praeataretl'amphilae
1553 2367 1579 2412 et
1587 2363 1675 2411 Sticho
1684 2376 1786 2411 munoa
1794 2367 1920 2411 eenteuoa
1928 2376 2056 2428 nummoe,

328 2433 459 2491 ttamento
469 2431 566 2481 riberie
575 2429 699 2492 annua,ai
711 2442 767 2475 eum
775 2429 1042 2491 matremorabuntnr,
1049 2428 1175 2488 perfidei-
1197 2426 1292 2487 tquoad
1305 2428 1413 2476 uiueret.
1449 2430 1567 2482 Quaero:
1587 2444 1620 2477 an
1631 2434 1734 2489 mortno
1744 2432 1847 2479 liaevio
1857 2431 1935 2479 berea
1946 2431 2055 2479 alimen-

329 2498 492 2547 eommiaaum
505 2499 587 2549 dedit;
608 2501 689 2545 mater
699 2494 756 2543 tilio
776 2497 892 2555 triennio
912 2496 1071 2561 aupertixit,
1092 2509 1175 2555 neque
1210 2498 1236 2540 ta
1247 2494 1355 2542 debeatt
1374 2496 1531 2555 iteapoudit;
1552 2499 1619 2545 nibil
1630 2499 1752 2561 proponi,
1762 2512 1807 2548 eur
1818 2501 1930 2547 debeant
1941 2501 2055 2558 praeatu-

329 2565 441 2628 ribaria,
461 2580 546 2625 neque
557 2565 682 2614 vertiaria
692 2563 730 2611 eir
740 2563 887 2625 praeatitlt,
907 2576 982 2622 quum
999 2566 1028 2611 iu
1044 2564 1173 2625 petitione
1208 2559 1231 2607 ri
1242 2561 1273 2607 ab
1284 2561 1376 2610 herede
1386 2562 1482 2626 Titiae,
1501 2566 1547 2612 aed
1557 2579 1605 2613 nee
1614 2566 1645 2612 ab
1656 2566 1750 2615 herede
1760 2566 1893 2628 legatarii,
1912 2565 1969 2614 niai
1982 2565 2010 2614 id
2020 2570 2055 2614 te-

260 2620 271 2639 ⁸
327 2632 518 2682 lideirommiarl
529 2633 617 2681 liberti
634 2634 782 2690 reraarent3
803 2631 849 2680 aed
869 2636 895 2679 et
916 2630 984 2695 filia,
1006 2637 1173 2692 preterquam
1207 2627 1301 2676 atetrix
1313 2630 1449 2678 maniteate
1459 2633 1582 2691 probetur
1593 2632 1710 2682 voluiaae
1728 2633 1899 2688 etiamduito
1920 2634 2054 2682 nrufiuetn

326 2700 405 2749 matri
415 2699 491 2748 berea
502 2701 612 2764 exrtitit,
618 2701 703 2758 quoad
715 2698 792 2760 vixit,
799 2699 875 2749 annia
887 2700 1080 2756 quatuordeeim
1090 2698 1174 2746 inter·
1207 2695 1343 2760 praertari,
1355 2696 1463 2745 almodo
1474 2698 1510 2763 id,
1531 2697 1598 2761 qn'od
1608 2714 1642 2748 ex
1654 2700 1788 2750 uaniruetu
1798 2704 1932 2762 receptum
1942 2704 2021 2761 earet,
2029 2700 2055 2750 el

327 2766 426 2829 pellata
436 2769 467 2816 de
477 2767 569 2816 iirdem
577 2766 715 2815 'enitentia
735 2779 789 2813 non
810 2770 858 2813 eat.
894 2768 1045 2824 Quaeritum
1065 2771 1119 2816 ert:
1139 2777 1172 2811 an
1208 2762 1246 2811 rei
1257 2765 1425 2823 praertandae
1436 2768 1572 2815 rutltreret.
1608 2769 1631 2828 β.
1644 2770 1669 2815 3.
1689 2766 1783 2831 Mater,
1803 2768 1966 2817 filioberade
1976 2767 2052 2816 inati-

250 2838 258 2857 l
327 2839 505 2897 postmortem
517 2833 765 2884 tiliaeanoriraimo
782 2834 876 2883 herede
896 2840 985 2893 petere
1006 2835 1125 2895 poraint,
1147 2835 1173 2881 et
1207 2833 1282 2892 tuto,
1302 2846 1349 2892 per
1363 2832 1585 2883 fideicommiaeum
1602 2833 1749 2885 libertatem
1759 2835 1894 2896 Pamphilo
1909 2848 1984 2884 aerro
2003 2847 2048 2883 auo

327 2909 379 2952 um
389 2898 524 2961 praeteriti
536 2903 660 2963 temporie
667 2935 676 2963 ,
696 2915 771 2959 qnam
781 2902 863 2950 tutori
876 2901 916 2963 id,
937 2902 1005 2958 quod
1016 2901 1173 2950 cibariorum
1208 2897 1294 2958 dedit,
1316 2900 1397 2947 eidem
1408 2900 1565 2961 cibariorum
1575 2901 1682 2951 nomine
1691 2903 1790 2964 legarit
1799 2903 1893 2964 quinoa
1904 2915 1994 2951 anreoa
2001 2932 2010 2958 ,
2021 2903 2047 2950 el

224 3004 240 3015 „
326 2969 434 3018 nomine
444 2973 470 3018 et
481 2970 598 3018 veatiarii
610 2971 731 3019 relietum
751 2971 807 3016 eati
836 2962 993 3029 Respondit:
1014 2969 1036 3018 ai
1057 2967 1172 3017 conditio
1208 2965 1326 3014 tertiarii
1337 2966 1365 3013 in
1376 2966 1494 3026 aingnloa
1507 2982 1590 3017 anuoa
1600 2969 1806 3031 quinquaqeuoa,
1827 2971 1852 3017 ri
1864 2970 1984 3018 romilio
1994 2969 2049 3017 einr

327 3032 482 3100 exatitiaaet,
493 3038 560 3085 nihil
571 3037 810 3101 proponi,rurnon
820 3038 934 3097 poaaent.
970 3037 993 3103 t.
1005 3040 1029 3084 2.
1049 3038 1174 3084 Abhere-
1209 3032 1360 3081 moraretur.
1373 3032 1489 3087 Qneero:
1500 3034 1556 3084 filio
1567 3037 1689 3085 defuneto
1700 3052 1734 3085 en
1744 3037 1869 3086 alimenta
1880 3036 2052 3087 deberenturi

327 3105 402 3153 dibua
412 3104 527 3152 Stichum
536 3105 684 3156 manumitti
696 3104 788 3166 voluit,
806 3104 895 3168 eique,
915 3103 938 3150 ai
949 3117 1006 3151 eum
1015 3104 1078 3151 Seio
1089 3117 1172 3151 mora·
1207 3100 1363 3160 iieapondit:
1384 3101 1406 3149 ai
1417 3102 1561 3151 conditioni
1573 3105 1717 3166 paruirret,
1728 3106 1817 3155 deberi
1827 3110 1855 3154 et
1866 3108 1927 3166 port
1937 3108 2053 3154 morten-

326 3168 513 3232 retur,oibaria
523 3174 549 3219 et
560 3172 684 3221 tertiaria
693 3173 821 3230 praeatari
832 3185 847 3219 a
857 3171 933 3231 Seio;
944 3171 1036 3220 deinde'
1044 3171 1106 3219 haee
1115 3183 1173 3218 ver·
1256 3167 1327 3215 xxr.
1348 3170 1481 3231 Ulpiae
1490 3186 1525 3220 ae
1535 3173 1602 3219 libro
1615 3172 1652 3220 11.
1665 3172 1941 3222 dideieoraraiaaoraae.
1957 3172 2054 3221 Diarila

326 3239 360 3287 ba
370 3239 481 3287 adierit·
501 3238 524 3287 A
535 3247 561 3286 te
570 3248 657 3291 aureae
667 3239 790 3300 supero,
810 3246 850 3296 ut,
870 3253 946 3301 meet
956 3240 993 3286 ad
1001 3253 1096 3285 annam
1106 3240 1173 3286 uice·
1208 3234 1248 3284 tel
1260 3235 1363 3284 cibariia
1374 3238 1475 3285 relietia
1485 3252 1568 3300 neque
1582 3238 1777 3301 habitationem,
1797 3254 1881 3301 neque
1895 3241 2057 3303 reatiarinn,

326 3308 418 3357 murem
428 3308 542 3370 wirma
548 3309 709 3368 pervener-rb,
720 3308 837 3354 militiam
849 3308 874 3353 ei
882 3319 1032 3366 rumperet,
1052 3308 1077 3354 ri
1085 3312 1172 3353 tamen
1207 3303 1453 3360 nequeealrearium
1463 3307 1561 3374 deberi,
1581 3308 1665 3370 palam
1676 3309 1732 3371 eat,
1751 3308 1875 3369 quoniam
1885 3308 1919 3357 de
1929 3308 1992 3357 niba
2002 3312 2055 3356 taa-

327 3381 353 3422 re
368 3382 430 3421 aare
449 3389 499 3422 eon
521 3376 666 3439 reliquerit.
700 3373 853 3428 Quaeritum
863 3375 916 3421 eat:
936 3373 1025 3420 Sticho
1037 3375 1128 3422 rtatim
1138 3372 1172 3420 li·
1207 3374 1260 3418 tum
1272 3372 1380 3419 tentator
1391 3373 1482 3421 renuit,

326 3441 454 3490 bertatem
465 3444 618 3505 oouaeeuto,
639 3440 935 3503 priuaautemdeiuuoto
947 3441 1026 3503 Seio,
1047 3456 1122 3503 quam
1140 3438 1172 3487 ad
1256 3437 1339 3484 Xllll.
1361 3440 1489 3488 Valent
1509 3441 1575 3490 libre
1586 3441 1610 3488 1.
1621 3440 1894 3492 hideiroataeirreraer.
1932 3442 2001 3492 cnm
2011 3440 2057 3492 aii·

326 3521 422 3559 annum
433 3509 582 3559 vieeaimnm
591 3509 708 3569 qulntum
717 3508 883 3573 perveniret,
904 3522 938 3556 an
949 3509 979 3555 ab
990 3509 1044 3564 hia,
1065 3510 1098 3556 ad
1109 3518 1172 3568 quoa
1206 3510 1294 3553 menta
1303 3520 1350 3565 per
1358 3506 1583 3555 fideicommiaaum
1594 3509 1686 3559 relicta
1696 3514 1757 3557 aunt
1767 3524 1821 3558 non
1832 3510 1937 3559 adiecta
1953 3509 2057 3569 quanti·
2154 3566 2155 3569 Ἴ

327 3577 397 3624 bona
406 3575 460 3623 Seii
470 3582 656 3639 pervenerunt,
681 3574 776 3624 militia
791 3575 881 3623 Stiebo
899 3576 1043 3636 comparari
1064 3575 1172 3625 debeatt
1208 3576 1275 3634 tate,
1296 3574 1717 3642 anteomniaihrpieieudumeet,
1738 3578 2057 3638 quaedelnnetnaaolitar
2154 3602 2155 3623 l

327 3646 355 3691 et
366 3642 389 3689 ai
400 3642 484 3702 placet
494 3643 591 3702 deberi,
601 3648 687 3693 utrum
698 3644 786 3691 atatim
797 3642 893 3691 militia
902 3643 1074 3704 comparanda
1084 3643 1127 3704 rit,
1139 3655 1172 3689 an
1206 3642 1292 3688 iuerat
1302 3641 1326 3688 ei
1336 3645 1478 3703 praeatare,
1489 3643 1583 3694 deinde
1593 3646 1653 3706 quid
1667 3646 1761 3693 oeterir
1772 3646 1890 3693 einadem
1900 3645 2009 3695 ordiaia
2019 3659 2058 3694 re·

231 3759 232 3762 ,
258 3738 261 3741 -
328 3711 753 3772 eotempore,quoSeiuaannnm
763 3710 1172 3772 vicerimumquintumexpletu-
1207 3707 1326 3769 liquerit;
1344 3708 1497 3759 aineutrum
1507 3713 1664 3776 apparuerit,
1674 3718 1728 3760 tum
1739 3727 1772 3762 ex
1783 3712 1956 3761 iarulmtibua
1968 3715 2059 3767 detau-

327 3788 374 3824 rna
393 3775 495 3838 tuiaaet,
515 3777 538 3824 ai
557 3778 766 3838 rupervixiaaett
798 3778 953 3839 Reapondit:
974 3791 1050 3840 quum
1071 3778 1172 3838 placeat
1207 3775 1252 3838 rti,
1265 3779 1290 3823 et
1301 3776 1410 3825 caritate
1421 3779 1487 3841 eiua,
1498 3779 1539 3825 eui
1550 3780 1772 3829 ddeieommiraum
1783 3780 1870 3827 datum
1881 3781 1947 3844 erit,
1971 3780 2058 3829 modat

326 3838 534 3904 eomparandarn,
553 3859 607 3892 non
617 3850 679 3894 aute
688 3845 791 3907 deberi,
811 3858 885 3902 quam
897 3844 923 3892 id
933 3849 1032 3906 tempor
1042 3840 1172 3893 eeaaiaaet.
1194 3840 1286 3893 'atatui
1298 3842 1409 3893 debebit.
1445 3847 1469 3906 β.
1484 3849 1505 3893 l.
1517 3847 1568 3902 Qui
1579 3847 1668 3895 iratria
1678 3848 1720 3895 ani
1730 3847 1832 3894 libertia
1842 3847 1974 3897 alimenta
1984 3848 2058 3898 debe-

328 3912 352 3971 θ.
364 3913 388 3959 ³.
409 3909 539 3959 Portumia
548 3912 686 3961 heredibua
696 3912 835 3975 inrtitutia,
855 3916 883 3959 et
891 3915 980 3975 petre,
999 3916 1027 3959 et
1036 3915 1127 3973 matre,
1148 3915 1174 3958 et
1206 3911 1258 3973 bat,
1269 3909 1292 3957 ir
1304 3915 1459 3960 tentamento
1471 3912 1561 3963 vlueaa
1571 3929 1627 3963 eum
1637 3916 1686 3963 bar
1695 3913 1842 3963 adiectione
1852 3915 2056 3975 reliqueratzat
2154 3926 2155 3957 i

327 3976 514 4026 aubatitutione
524 3978 600 4042 tarta,
611 3980 713 4028 artorea
724 3978 886 4042 manumiait,
907 3981 932 4027 et
942 3978 1043 4040 perulie
1052 3980 1090 4027 eia
1102 3979 1173 4039 lega-
1205 3976 1330 4037 habeant,
1341 3982 1406 4027 unde
1415 3993 1444 4029 ar
1450 3989 1573 4043 pareret.
1587 3982 1614 4030 Si
1627 3996 1673 4043 pro
1685 3981 1818 4030 alimentia
1829 3982 1922 4031 uineae
1933 3982 2057 4042 reliquia-
2154 3980 2155 3985 ’

326 4044 377 4104 tit,
388 4047 415 4094 et
424 4057 522 4108 annua,
541 4049 568 4093 et
578 4046 657 4096 eertir
667 4046 768 4094 libertir
779 4046 834 4094 auia
844 4043 945 4111 legata,
965 4051 991 4094 et
1001 4046 1061 4094 aliir
1073 4046 1173 4097 exterio
1206 4049 1246 4094 aet
1252 4077 1261 4103 ,
1281 4047 1423 4095 annaliter
1433 4046 1472 4096 eia
1482 4063 1516 4097 ex
1526 4049 1717 4098 fideicommirai
1728 4062 1807 4096 eauaa
1816 4062 1862 4098 ena
1872 4052 2005 4110 praeamri
2015 4051 2057 4098 de·

325 4112 416 4173 plura3
432 4111 524 4160 deinde
534 4117 593 4172 port
604 4116 787 4163 tentamentum
794 4114 888 4163 laetum
899 4119 961 4162 nata
971 4114 1034 4176 fllia,
1046 4114 1173 4163 eodieiltia
1206 4116 1279 4178 bere,
1300 4128 1375 4175 quam
1384 4114 1406 4163 ai
1417 4116 1566 4167 tentamenti
1585 4117 1745 4178 obligatione
1761 4118 1870 4167 beredea
1890 4117 2059 4179 liberaaaent,

326 4179 457 4229 iteravit:
477 4179 509 4227 Si
518 4182 581 4247 qaid
588 4189 758 4240 testamento,
778 4183 918 4244 prodente
927 4182 975 4230 hoe
992 4188 1090 4244 temper
1099 4184 1172 4297 ζιοὲ,
1206 4183 1252 4249 aut
1272 4182 1294 4229 ai
1306 4182 1332 4230 id
1342 4183 1465 4233 ominum
1474 4184 1575 4248 tuimet,
1586 4184 1613 4234 et
1622 4183 1714 4245 poa'tea
1723 4198 1756 4233 ex
1768 4188 1926 4234 tertamento
1937 4187 2058 4246 merent,

326 4248 414 4311 legari
422 4247 809 4312 eat,darteotut,peroabtte,
824 4251 1090 4310 etitertiempertenr
1123 4253 1170 4297 eti·
1207 4214 1260 4295 doli
1270 4250 1332 4298 mali
1343 4250 1500 4311 exceptione
1517 4256 1600 4302 tutum
1614 4253 1733 4302 heredem
1752 4254 1889 4315 futurum,
1910 4252 2060 4302 acilicetrl

325 4313 460 4376 euefilioe
469 4329 543 4363 meur
552 4317 684 4379 reddam
701 4315 820 4365 aerundir
829 4321 916 4366 autem
927 4314 1025 4365 tab'ulia
1041 4317 1109 4365 iacta
1124 4331 1171 4377 pu·
1206 4330 1258 4363 non
1271 4318 1355 4366 minut
1366 4319 1454 4367 valent
1465 4320 1645 4385 vineae,quam
1655 4320 2016 4380 alimentorumaeatimatio;
2027 4318 2058 4367 il-

289 4394 293 4401 ’
326 4383 1171 4449 pillariaubatitutione,impuberiburlibemiaqnibuaaparenti-
1205 4384 1257 4432 lam
1267 4388 1355 4434 autem
1365 4387 1553 4438 adiectionem:
1571 4387 1733 4449 athabeaat,
1744 4389 1810 4435 ande
1820 4403 1849 4436 ae
1854 4395 1974 4449 peremat
1981 4402 2056 4446 ,me
2154 4386 2155 4397 ³

325 4452 373 4501 bna
383 4451 519 4500 libertater
529 4451 609 4514 dedit,
629 4465 661 4500 eo
671 4451 782 4512 ampliua
792 4451 901 4500 alterum
911 4457 1025 4514 tautum,
1046 4455 1171 4512 quantum
1206 4451 1246 4510 qia
1257 4453 1290 4500 ad
1301 4454 1595 4519 eaurampraetepmdt,
1615 4469 1689 4516 quam
1704 4456 1736 4504 ad
1751 4457 1942 4505 naumtruotnm
1957 4455 2057 4505 eonati-

325 4516 355 4567 in
364 4531 477 4583 nummo,
496 4522 600 4579 praeter
610 4519 708 4568 riberie
718 4522 743 4567 et
754 4518 879 4567 reetiaria
889 4520 944 4569 dari
955 4520 1048 4567 voluit.
1084 4523 1171 4577 Quae·
1207 4521 1329 4567 tuendum
1340 4520 1479 4580 pertinere.
1988 4550 2000 4573 ι

325 4586 404 4633 eitum
415 4589 468 4635 eat:
491 4586 765 4647 quumrnperrixiaaet
779 4586 834 4634 filia
855 4589 1010 4635 tentamento
1032 4590 1124 4648 aperto
1144 4588 1170 4635 et
1250 4586 1850 4640 xxrtr.r’au1ntrtr01r.arabramn.
1885 4589 2010 4651 liogatna
2018 4598 2057 4652 aa,

327 4652 465 4715 redirillia,
475 4658 566 4712 portea
574 4658 661 4709 autem
671 4654 833 4715 decerneret,
854 4657 880 4701 et
890 4654 1113 4707 fideicommlaaum
1124 4653 1170 4705 da}
1206 4654 1234 4700 ut
1245 4656 1371 4712 quendam
1381 4655 1487 4718 edocea3
1508 4659 1540 4706 ad
1551 4658 1647 4706 vietum
1657 4657 1806 4707 ueeeararia
1816 4658 1842 4706 ei
1853 4660 1993 4717 praeat'are
2013 4672 2058 4707 ea-

327 4716 382 4769 tam
391 4719 416 4765 ei
427 4721 633 4785 dereatituenda
643 4725 717 4781 parte
727 4721 808 4770 tertia
817 4718 849 4767 ad
859 4722 965 4771 beredea
975 4736 1036 4770 auor
1049 4722 1171 4770 tranrmi-
1205 4722 1302 4781 pendor
1315 4736 1352 4771 ea.
1387 4723 1498 4775 Paulua:
1509 4739 1554 4773 rur
1564 4725 1665 4785 pleniur
1677 4730 1716 4773 eat
1726 4726 1911 4774 alimentorum
1929 4725 2058 4787 legatum,

327 4784 419 4847 uiaret,
439 4787 731 4839 anetiamribariorum
740 4792 767 4836 et
778 4789 963 4839 vertiariorum
974 4789 1068 4838 tertiae
1085 4789 1172 4851 parter
1204 4791 1248 4836 nbi
1260 4791 1355 4838 dietum
1366 4796 1423 4855 eat,
1443 4796 1470 4841 et
1481 4793 1631 4842 veritarium
1649 4796 1676 4845 et
1690 4790 1882 4843 habitationem
1902 4793 2058 4843 eontinerit

327 4850 354 4900 el
364 4858 410 4913 per
426 4854 650 4907 tideioummiaanm
668 4857 744 4906 datae
763 4870 820 4905 erae
841 4857 996 4905 videantnrt
1015 4857 1170 4917 herponelit:
1205 4858 1283 4906 immo
1293 4856 1367 4906 ambo
1377 4861 1545 4923 exaequanda
1555 4865 1625 4908 aunt.

326 4932 383 4968 uon
393 4918 485 4969 videri.
507 4924 543 4983 i·
554 4923 579 4970 4.
590 4924 659 4971 idem
669 4923 794 4986 quaeaiit:
815 4936 848 4970 an
859 4936 958 4988 eorum,
968 4938 1033 4985 qnae
1043 4924 1171 4973 codicillir
1313 4920 1316 4927 ’
1429 4926 1432 4931 ’

326 5000 374 5048 per
383 4985 606 5039 tidelmmmiranm
621 4990 713 5040 relicta
728 4994 800 5057 aunt,
819 4991 913 5040 tertiae
933 4995 1019 5051 parter
1040 4992 1072 5039 ad
1091 4991 1170 5041 filiam
1538 4957 1631 5021 ΉΤ·
1655 4961 1700 5022 H·

328 5053 460 5115 pertinere
481 5055 609 5106 oebemtt
636 5058 794 5118 Reapoudit:
814 5072 869 5107 non
879 5059 976 5107 deberi.
1012 5060 1170 5121 idemquae-
1204 5042 1250 5090 ΒΕ
1270 5043 1368 5105 ΜΟ,
1388 5044 1557 5111 ᾹΜΝΤΟ,
1577 5046 1712 5108 ”mma
1733 5043 1974 5110 ⁰3Nfflme
1994 5042 2059 5095 π’

327 5121 387 5170 alit:
410 5122 977 5186 unalterumtantumaaubrtitntolepntum
988 5127 1097 5175 deducta
1118 5131 1170 5174 ter·
1230 5111 1395 5177 Gummi
1417 5112 1527 5160 Vfflss
1546 5113 1613 5160 m
1631 5112 1863 5162 Vffi'l'fflffl'ss
1883 5114 1934 5162 ΒΤ
1952 5114 2031 5163 ffl‘

326 5189 449 5247 tiaparte
459 5189 613 5248 quantitatia
626 5186 772 5252 lefiatorum
787 5195 943 5242 tentamento
966 5195 1085 5243 datorum
1102 5190 1171 5242 romi
1499 5181 1576 5228 ”⁰¹⁸
1597 5180 1748 5231 mmm·

326 5254 414 5319 putari
425 5250 525 5320 debeat,
535 5261 564 5304 ut
575 5258 640 5311 duae
649 5255 736 5319 parter
747 5259 902 5320 quantitatia
913 5262 1054 5309 debeantur
1066 5266 1171 5321 propter
1253 5262 1274 5310 1.
1286 5262 1485 5324 Pomponiae
1494 5264 1561 5315 libro
1571 5264 1619 5312 VI.
1631 5262 1807 5313 aduertere.
1819 5263 1848 5312 Si
1858 5264 1906 5313 aiii
1914 5264 2062 5313 reatinenss

326 5322 472 5386 eodieilloa,
483 5323 575 5382 quibua
587 5326 692 5374 tertiam
701 5332 802 5387 partem
811 5329 957 5389 legatorum
966 5329 999 5382 ad
1009 5329 1089 5376 tiliam
1099 5342 1170 5377 ruam
1206 5328 1241 5390 ta,
1249 5329 1295 5377 alii
1308 5330 1387 5378 veatia
1398 5331 1531 5380 muliebria
1540 5332 1676 5391 aeparatim
1687 5331 1772 5391 tegata
1780 5332 1824 5393 ait,
1831 5333 1956 5381 detractia
1963 5331 2060 5379 mulie-

325 5392 458 5453 pertinere
468 5390 571 5440 voluitt
603 5393 762 5455 Rerpendit:
783 5397 912 5457 integrum
922 5410 956 5444 ex
966 5395 1063 5444 tabnb'a
1072 5395 1170 5445 arbeti·
1205 5391 1302 5460 bribu'a,
1311 5402 1337 5446 et
1348 5397 1373 5445 ei
1383 5398 1530 5461 arrignatia,
1538 5400 1579 5447 eui
1591 5398 1738 5460 apeeialiter
1747 5397 1835 5459 legata
1846 5404 1919 5457 aunt,
1927 5402 2060 5461 reliquam

325 5457 438 5507 tutionia
448 5457 544 5509 deberi.
579 5459 602 5524 b.
613 5464 636 5509 b.
647 5461 752 5512 cibaria
763 5467 790 5513 et
801 5463 925 5512 vertiaria
934 5476 980 5524 per
989 5462 1169 5511 fideicommia-
1205 5462 1283 5512 alteri
1294 5466 1410 5513 debetur.
1424 5467 1491 5514 idem
1502 5468 1613 5529 eat,eum
1623 5465 1816 5515 atterimundua
1824 5464 2060 5532 muliebriumteri

325 5539 386 5576 aum
395 5509 751 5590 dederatetit'aadieeerat:
771 5531 1037 5594 qaealibertorueaoa,
1057 5531 1170 5579 eticor-
1204 5537 1341 5592 arpentum
1351 5546 1426 5580 omne
1434 5532 1546 5594 tegetum
1554 5534 2060 5596 eaaat,deargento‚quodinmundoea·

322 5608 464 5659 praaarmt
470 5595 582 5656 potitura
584 5599 689 5664 suerri,
709 5599 746 5647 iti
753 5613 797 5648 eor
811 5599 992 5649 morat-iiabea
998 5629 1008 5656 ,
1028 5604 1059 5647 ut
1063 5613 1114 5660 per
1123 5599 1169 5649 ab·
1204 5603 1252 5647 aet.
1285 5603 1350 5648 ltem
1362 5600 1383 5647 ai
1395 5601 1461 5649 duae
1471 5604 1574 5649 atatuae
1585 5614 1743 5649 marmoreae
1754 5601 1811 5665 tibi,
1833 5604 1861 5648 et
1872 5601 1967 5649 deinde
1975 5612 2059 5655 omae

324 5666 436 5715 muana
446 5659 702 5722 fibbmmuruar
719 5662 756 5715 ud
769 5664 957 5727 rareophupaar
978 5680 1059 5713 ereum
1078 5663 1172 5714 naemei
1205 5681 1317 5715 marmor
1330 5667 1716 5731 legatumeaaebpraeterduaa
1728 5669 1802 5716 nulla
1812 5670 1900 5715 rtatna
1912 5678 2059 5716 marmorea

323 5731 395 5794 rim
409 5744 493 5779 manaa
512 5732 803 5795 quotann'eeelrbrear.
837 5732 988 5789 Quaeritom
1000 5734 1054 5781 eat:
1076 5734 1122 5781 uni
1134 5747 1169 5783 ex
1205 5734 2057 5802 legataeettibi.idemnrbauiaaerrirtibitepetiapimihidirpea·

324 5798 437 5861 libertis,
447 5796 490 5859 qui
501 5798 571 5850 adia
579 5799 671 5853 nortia
681 5813 765 5861 neque
774 5800 807 5848 ad
817 5796 1168 5873 heredeaaereraerlt,neque
1205 5798 1277 5869 anthr
1286 5802 1387 5863 legatur
1398 5803 1441 5852 ait.
1453 5803 1505 5862 §.h
1512 5803 1559 5851 cni
1570 5807 1668 5854 eertum
1679 5803 1779 5870 pondm
1790 5798 1893 5864 arpenti
1903 5803 1965 5851 dare
1972 5801 2057 5851 berea
