4314 6436
252 364 337 421 uio,
365 364 519 424 xxxin.
548 368 576 424 7.
619 368 678 427 1)ss
714 369 966 432 insuitucio
1000 369 1087 430 vul„
1123 370 1443 433 insultatorum
1479 376 1664 434 Lauino.
1778 379 1832 437 idi

101 511 151 563 llos
159 506 240 560 bores
249 507 273 559 ei
284 508 312 559 iu
323 507 366 557 ndo
376 522 496 561 cessurus
505 510 608 577 putant,
619 507 664 560 ubi
674 523 740 577 opus
750 513 884 582 iecissent,
894 528 949 565 aon
984 513 1056 578 qnasi
1068 515 1178 564 colonus
1189 515 1218 564 iu
1227 530 1291 578 egro
1300 517 1546 584 erat‚instrunento
1553 519 1641 580 legato
1649 519 1834 573 contineatnri

75 592 82 608 ·
107 579 742 650 uiimauerecouauerissentpcascelliuscontra.
752 587 949 638 Labeouiaaen-
984 586 1019 631 ln
1029 583 1125 646 Labeo,
1138 588 1165 632 et
1174 584 1288 645 Pegasus
1297 592 1544 651 recteneuaverunt,
1555 590 1673 646 quianon
1681 590 1834 650 proinstrn.

106 646 209 697 tentiam
220 649 310 708 probo.
984 655 1072 700 mento
1081 655 1109 700 iu
1117 652 1196 700 inodo
1207 653 1296 715 inerit,
1308 655 1385 703 etiarn
1396 655 1418 703 si
1429 657 1523 705 solitae
1534 656 1619 705 iueiat
1630 657 1834 706 etiamiliaeim·

147 714 178 763 V.
197 713 309 763 Ledae
328 713 396 764 iiico
411 713 436 764 1.
463 712 723 770 flvduea'srai’aalo
737 717 947 778 epitomatorem.
983 732 1084 779 perere.
1106 720 1129 779 9.
1142 723 1167 766 4.
1186 720 1833 786 SaltusriumautemLabeoquidemputatenmdc-

15 816 17 833 .
102 783 129 832 si
137 782 180 832 cui
190 782 299 830 lundam
311 783 338 831 et
349 782 551 832 instrumentum
561 784 618 831 eiue
626 783 717 845 legare
727 783 776 849 via,
786 784 853 832 nibil
863 786 949 833 inter·
984 785 1198 850 mumcontineri,
1206 789 1578 845 quiiructuumserraudorum
1586 794 1781 852 gratiaparatus
1789 793 1833 857 sit,
1914 800 1916 803 ’

102 853 147 915 est,
157 850 284 909 anamodo
295 847 383 909 leges:
396 850 511 916 faedam
521 866 578 899 evas
588 853 767 915 instrumento,
787 866 821 902 an
834 853 949 918 fauisse
984 853 1250 914 nonaum,qnitlaium
1256 858 1481 907 custodiendorum
1487 859 1746 908 causa.SedNeratius
1753 859 1833 912 eriam

102 922 343 980 ettastraarsataet,
364 931 398 966 an
411 920 526 984 findens
538 920 700 966 ιἰιινιιιιιιι.
734 919 847 969 Paulus:
868 921 947 967 immo
983 920 1103 980 bunc3ei
1113 919 1161 971 hoc
1172 921 1229 968 iure
1240 923 1345 988 utimur,
1366 930 1395 973 nt
1406 928 1623 975 omuessaltuarii
1634 928 1832 977 contineantur·

102 990 206 1049 mnne,
226 999 285 1033 nam
295 985 366 1033 iuter
376 998 408 1033 ea
418 985 503 1046 legata
514 985 562 1032 boc
578 986 704 1050 interest,
726 988 807 1050 quod,
827 987 850 1034 si
866 988 948 1036 iuudo
983 989 1006 1048 ἦ.
1020 990 1043 1034 b.
1066 986 1203 1035 Trebatiun
1215 989 1326 1048 ampliua
1336 992 1416 1041 etiam
1433 995 1558 1053 piatorem
1576 999 1603 1044 et
1623 998 1764 1057 tumorem,
1785 994 1832 1057 qui

100 1055 213 1103 alienato
224 1056 341 1101 mortuus
351 1053 445 1115 luerit,
465 1054 507 1113 qui
519 1052 557 1101 ita
565 1054 680 1118 legavit,
702 1066 736 1103 ex
747 1054 947 1115 lsacscriptura:
983 1054 1097 1102 lumiliee
1110 1054 1223 1103 rusticae
1234 1070 1311 1105 causa
1322 1060 1404 1120 parati
1421 1067 1493 1119 sunt,
1513 1067 1588 1123 putat
1607 1062 1748 1124 contineri,
1768 1063 1832 1113 item

99 1124 204 1177 ἠιιιιιι
213 1135 272 1169 esse
281 1122 461 1183 munerante,
472 1120 539 1168 nihil
550 1120 602 1169 erit
611 1122 738 1186 legatum,
748 1134 783 1172 ex
796 1123 890 1173 ceteris
900 1136 948 1186 po·
982 1123 1090 1186 labrum,
1098 1122 1141 1183 qui
1153 1122 1231 1172 villae
1241 1125 1396 1175 reficiendae
1405 1140 1483 1177 eausa
1492 1131 1649 1194 paratussit,
1661 1134 1688 1179 et
1697 1129 1831 1193 mulieres,

100 1190 160 1241 terit
170 1189 375 1237 intumentum
384 1201 442 1236 esae
452 1188 576 1249 legatum.
982 1204 1048 1250 quae
1059 1204 1151 1251 panem
1162 1194 1281 1254 coquant,
1293 1207 1408 1255 quaeque
1419 1196 1508 1243 viliam
1518 1202 1632 1262 servent,
1653 1198 1715 1247 item
1723 1196 1832 1247 molito-

146 1258 190 1305 vt.
210 1254 546 1305 Scassolals'broXVI.
559 1257 732 1319 Digestorum.
767 1256 864 1318 Nepoti
875 1258 947 1320 legs-
982 1271 1034 1320 res,
1045 1258 1067 1306 ui
1077 1258 1109 1305 ad
1121 1271 1194 1305 usurn
1207 1261 1330 1309 rusticum
1340 1263 1423 1321 parati
1434 1262 1497 1326 siut,
1515 1264 1577 1312 item
1587 1266 1710 1314 locarium
1721 1268 1748 1311 et
1758 1265 1840 1314 villi·-

98 1327 187 1389 serat,
205 1337 272 1384 quae
282 1328 354 1372 certa
363 1323 472 1382 regione
490 1324 598 1384 praedia
613 1324 752 1389 habuerat,
772 1330 801 1374 nt
820 1326 948 1377 inatructa
982 1340 1046 1391 cam,
1065 1326 1088 1373 si
1099 1326 1274 1386 modoaliquo
1285 1330 1369 1377 udicio
1385 1329 1469 1378 virum
1487 1332 1603 1390 adiuvet,
1622 1333 1684 1380 item
1703 1332 1831 1397 iauiflcas,

98 1396 166 1455 suut,
178 1406 235 1440 eum
245 1392 318 1454 vino,
329 1403 421 1455 grano,
432 1389 595 1453 kalendario,
606 1394 633 1439 et
642 1394 771 1443 adiecerat
783 1393 845 1441 baec
855 1394 947 1442 verba:
982 1408 1048 1456 quaa
1058 1394 1186 1443 iamilism
1194 1396 1320 1444 rusticam
1330 1398 1453 1461 vestiant,
1474 1402 1501 1446 et
1510 1412 1575 1457 quae
1594 1400 1766 1459 pulmentaria
1786 1414 1831 1449 ru-

98 1461 381 1526 petuqaiuertr,paass
390 1461 502 1520 stamar,
522 1461 730 1522 rutilarega’oaa,
749 1462 947 1524 etquidpar'riia
982 1462 1184 1521 stioiseoquant.
1220 1464 1245 1523 ἦ.
1258 1466 1281 1511 ti.
1293 1464 1566 1514 Sedeninstrumeuti
1582 1467 1832 1516 instrumentumle·

99 1541 251 1593 paucaeque
261 1526 348 1588 eperia
358 1528 410 1573 erit
418 1528 446 1574 in
456 1527 511 1575 illa
522 1528 641 1590 regiona,
663 1528 861 1589 etquodnam
877 1530 948 1591 erit,-
981 1534 1043 1590 gato
1054 1528 1225 1579 instrumento
1237 1532 1419 1581 continuaturi
1430 1534 1577 1594 quaeritur3
1597 1535 1662 1582 baec
1674 1536 1753 1598 enim,
1764 1548 1831 1593 ιιιι

40 1626 46 1637 -
98 1597 155 1644 sira
165 1594 300 1643 testatrice
311 1607 380 1643 nnus
391 1608 425 1643 ex
441 1595 601 1643 debitoribus
620 1595 821 1660 condemnatus,
842 1597 946 1645 vivente
981 1597 1138 1647 raeticarum
1148 1611 1226 1647 eausa
1237 1604 1371 1663 parantur,
1378 1601 1507 1663 lanificae,
1516 1603 1554 1662 [et
1567 1601 1655 1661 lenae]
1663 1606 1690 1649 et
1702 1606 1831 1666 tonsores,

96 1663 234 1713 testatrice
249 1662 312 1710 satis
329 1676 383 1710 nou
404 1663 476 1710 tecit.
511 1663 663 1719 Quaesitum
683 1668 738 1711 est:
759 1677 803 1728 an,
824 1664 893 1724 qnod
912 1678 945 1713 en
981 1666 1300 1728 etiullonee,etioeariae
1312 1682 1366 1716 uon
1377 1670 1433 1731 apsi
1444 1674 1506 1717 sunt
1515 1671 1724 1735 instrumentum,
1731 1671 1776 1718 setl
1787 1669 1831 1716 iu-

97 1728 945 1795 sententiaiudicisdeberetur,adnepotempertiueretlRespon-
981 1733 1129 1782 etrumeuti.
1164 1734 1232 1783 Puto
1247 1736 1417 1796 igituretiam
1436 1739 1558 1787 focariam
1578 1738 1719 1801 contineri,
1739 1737 1784 1786 sed
1803 1739 1832 1784 et

97 1800 132 1853 di:
152 1797 224 1847 nibil
234 1798 355 1860 proponi,
367 1813 414 1847 cor
425 1813 478 1847 uon
489 1801 635 1850 deberetur.
981 1803 1106 1866 lanificas,
1118 1807 1144 1850 et
1155 1808 1265 1867 ceteros,
1273 1805 1319 1864 qui
1329 1819 1406 1868 supra
1415 1807 1560 1856 enumerati
1570 1809 1641 1855 sunt.
1668 1806 1703 1853 Et
1714 1807 1753 1853 ita
1768 1805 1831 1865 Ser·

142 1867 688 1931 vs1.1uemnur0xx11.mgnroran.
723 1868 867 1920 Taberuam
888 1884 946 1920 cum
981 1872 1235 1937 ulnmreepondisse,
1253 1873 1461 1939 auditoreseius
1475 1876 1603 1924 referunt.
1639 1876 1662 1935 ι.
1679 1877 1704 1922 ’1.
1727 1876 1831 1922 Uxores

96 1935 238 1987 meuwuio
248 1934 376 1983 Pardulae
386 1936 556 1984 manumissae
567 1940 724 1986 testamento
734 1939 869 1999 legaverat
889 1952 945 1988 cnm
981 1951 1081 1999 quoque
1090 1944 1116 1986 et
1126 1940 1241 1988 inientes
1251 1954 1358 2005 eurum,
1378 1942 1421 2002 qui
1432 1956 1511 2002 supra
1521 1943 1665 1992 enumerati
1676 1944 1753 2005 suut,
1773 1954 1831 1989 cre-

94 2002 234 2065 mercibas,
253 2008 280 2050 et
290 2002 488 2065 instrumentis,
507 2007 534 2052 et
544 2000 722 2069 eupellectiie,
744 2016 808 2065 quae
819 2007 854 2055 ibi
866 2010 945 2068 essct,
981 2007 1092 2055 dandum
1102 2006 1179 2053 estin
1189 2008 1276 2056 eadem
1288 2010 1352 2058 uilia
1363 2016 1471 2069 agentea
1481 2010 1596 2059 voluisse
1616 2014 1769 2059 testatorem
1789 2008 1831 2056 le-

93 2074 154 2122 item
164 2072 292 2119 horreum
302 2070 432 2119 vinarium
443 2084 502 2119 enm
512 2073 584 2134 rino,
595 2077 621 2120 et
633 2074 710 2135 vasis,
722 2076 749 2121 ιι
760 2074 945 2131 instrumento,
981 2078 1044 2134 gato
1054 2074 1198 2136 contineri,
1209 2088 1293 2136 neque
1303 2078 1372 2127 enim
1383 2077 1471 2127 duram
1483 2079 1672 2139 separationem
1680 2076 1836 2125 iniunxisse·

94 2139 315 2202 etinatitoribus,
335 2151 498 2196 quoaaecum
508 2140 602 2199 babere
617 2146 798 2191 consueuerat.
834 2142 944 2200 Quaeri-
981 2141 1181 2191 credendusest.
1217 2145 1241 2204 ι.
1250 2147 1275 2191 8.
1298 2144 1327 2193 Si
1338 2144 1426 2203 aliqua
1435 2150 1509 2204 parte
1520 2146 1581 2193 nuni
1592 2147 1620 2193 iu
1629 2147 1710 2194 tundo
1720 2156 1830 2204 pascam

94 2212 145 2256 tum
156 2210 218 2256 est:
238 2220 314 2266 quum
325 2206 386 2253 vive
399 2208 528 2256 teutatore
538 2205 640 2271 insula,
660 2208 689 2256 in
708 2222 758 2269 qua
776 2211 945 2260 coenaculum
982 2212 1025 2257 tur
1035 2223 1138 2271 pecora,
1148 2211 1235 2268 aliqua
1245 2216 1319 2269 parte
1329 2213 1370 2262 lta
1381 2213 1503 2274 pabulum
1514 2214 1674 2276 conducitur,
1693 2213 1735 2260 sel
1749 2212 1831 2269 servi,

92 2276 149 2341 init,
159 2275 233 2335 qnod
242 2275 266 2321 ei
278 2274 393 2335 legatum
404 2279 470 2337 erat,
480 2280 576 2324 exucta
585 2277 632 2339 ait,
647 2280 674 2324 ιι
685 2282 744 2337 post
755 2278 889 2326 biennium
900 2291 945 2343 ou-
981 2278 1004 2323 ai
1014 2277 1102 2335 aliqua
1111 2281 1184 2338 parte
1194 2279 1257 2325 anui
1268 2294 1314 2339 per
1324 2294 1370 2329 eos
1389 2295 1453 2341 ager
1473 2280 1579 2342 colitur,
1600 2281 1687 2339 aliqua
1707 2283 1781 2340 parto
1800 2279 1831 2327 in

93 2344 147 2392 iem
158 2345 222 2390 loeo
233 2344 379 2391 constituto
388 2356 466 2408 nova,
477 2347 503 2391 et
514 2344 645 2406 borreum,
656 2345 725 2404 quod
735 2345 819 2395 cidens
829 2345 945 2405 legatum
981 2346 1123 2393 mercedem
1134 2345 1283 2410 mittuntur,
1300 2348 1385 2396 nihilo
1395 2349 1481 2396 minus
1497 2350 1671 2398 instrumente
1691 2348 1831 2396 contineu-

92 2414 325 2475 erugatestatorc
337 2412 459 2476 venierit,
478 2411 535 2459 riui
546 2414 631 2460 antem
642 2412 760 2459 venditio
771 2413 852 2460 dilata
861 2413 907 2475 sit,
917 2417 946 2460 ut
982 2417 1034 2459 tur.
1070 2414 1093 2472 i.
1106 2415 1130 2459 9.
1143 2413 1282 2463 cellerium
1293 2428 1393 2474 quoqne
1403 2417 1463 2464 ideo
1474 2417 1660 2478 praepositum,
1670 2420 1699 2463 ut
1710 2416 1831 2463 rationes

91 2494 122 2529 en
133 2492 166 2528 ea
182 2480 315 2527 commoda
325 2480 465 2544 venirent,
484 2493 519 2528 au
530 2479 652 2527 uniuersa
661 2480 872 2541 iegatai’arduIa
882 2494 945 2528 con-
982 2480 1070 2527 salvae
1081 2480 1141 2544 sint,
1162 2481 1224 2530 item
1236 2483 1374 2532 ostiariam
1384 2484 1575 2546 mulionamque
1586 2483 1754 2532 instrumenti
1771 2495 1829 2531 ease

91 2545 161 2606 sequi
175 2546 277 2607 possiti
297 2547 443 2608 Respondi:
464 2546 786 2613 ea,inr1uibusroluutas
796 2552 946 2598 mutataes·
981 2552 1093 2595 constet.
1129 2550 1152 2607 9.
1167 2551 1206 2596 it.
1218 2549 1354 2612 Elmolas,
1366 2555 1392 2600 et
1405 2551 1545 2616 msclriuas,
1566 2555 1686 2615 ioeuum,
1708 2544 1830 2615 atipnias,

90 2619 138 2680 aet,
149 2628 208 2662 nou
220 2614 318 2664 deberi·
892 2614 897 2631 '
981 2615 1081 2663 minum
1093 2615 1435 2680 machinarium,rnacbiuam
1447 2619 1652 2684 frumentariam,
1658 2632 1704 2666 ves
1710 2632 1831 2683 aeneum,

139 2684 213 2730 vill.
235 2678 338 2744 Ulpia
345 2698 405 2734 ιιι
424 2685 491 2733 libro
513 2684 573 2734 XX.
593 2686 631 2735 ad
640 2686 771 2735 Subsana.
804 2687 835 2733 lu
848 2684 946 2743 iustru-
981 2683 1009 2730 in
1020 2696 1071 2744 quo
1081 2695 1144 2742 aspa
1154 2690 1315 2749 eoqueretnr,
1322 2691 1349 2735 et
1359 2687 1488 2735 defrutum
1494 2687 1576 2750 ieret,
1584 2692 1611 2736 et
1620 2688 1725 2746 aquaad
1738 2687 1831 2735 biben-

89 2756 177 2800 mento
192 2750 266 2797 iundi
278 2764 310 2797 ea
320 2765 386 2816 ease,
399 2767 465 2813 quae
477 2754 579 2801 iruetm
588 2756 740 2816 quaerendi,
752 2754 871 2818 eogendi,
882 2766 946 2801 een·
981 2752 1040 2799 dum
1050 2750 1237 2809 iarauismuue
1258 2755 1383 2803 familiam
1403 2760 1548 2818 peraretur,
1567 2755 1737 2803 instrumenti
1756 2767 1832 2816 esse,

89 2817 215 2867 servandi
226 2818 312 2877 gratia
321 2824 413 2879 parata
422 2821 485 2881 sint,
495 2822 608 2870 Sabinus
617 2822 694 2870 libris
704 2822 877 2875 adviteliium
889 2822 943 2869 cni·
980 2825 1007 2868 et
1017 2820 1112 2882 cribra,
1134 2819 1160 2865 ei
1170 2819 1293 2885 plaustra,
1313 2820 1404 2882 quibus
1415 2827 1515 2872 stereus
1525 2824 1659 2874 evehatur.
1688 2826 1711 2884 ι
1728 2824 1766 2873 ll.
1788 2822 1831 2871 lta

90 2888 184 2935 ιιιιιι·
194 2889 339 2934 enumeret.
369 2888 535 2952 uenerandi,
558 2890 639 2937 veluti
651 2890 781 2953 homiues,
802 2890 845 2951 qui
856 2903 945 2949 agrum
981 2900 1053 2951 vero,
1064 2899 1130 2945 quae
1141 2886 1199 2934 soie
1211 2889 1418 2953 continerentur,
1430 2890 1596 2939 instrumenti
1606 2890 1681 2938 inndi
1694 2904 1748 2940 non
1760 2903 1831 2952 esse,

90 2956 192 3017 colunt,
204 2958 233 3001 et
244 2953 287 3015 qui
298 2968 344 3002 eoa
355 2961 490 3013 exercent,
501 2957 677 3016 praepositive
687 2961 748 3005 suut
758 2957 815 3017 bis;
837 2970 944 3017 quorum
981 2955 1085 3003 Cassius
1095 2953 1195 3017 scribit,
1206 2958 1289 3007 ueluti
1299 2957 1456 3005 arundineta
1466 2962 1493 3006 et
1502 2959 1604 3021 salicta,
1621 2962 1757 3019 antequem
1768 2970 1828 3005 ese·

89 3022 118 3069 iu
129 3036 243 3070 numero
254 3027 313 3069 sunt
325 3023 405 3070 villici
417 3029 443 3072 et
453 3024 606 3087 munitorea,
613 3029 749 3085 praeterea
759 3025 837 3075 boves
845 3023 945 3080 domiti,
980 3023 1082 3082 assint,
1100 3020 1161 3079 quia
1172 3023 1267 3071 iunius
1277 3025 1351 3071 innui
1362 3026 1564 3075 instrumentum
1580 3039 1636 3073 esse
1656 3038 1709 3072 uon
1729 3022 1829 3084 possitu

89 3095 117 3139 et
127 3104 228 3152 pecora
238 3092 400 3138 stercorandi
410 3104 489 3139 canna
499 3097 599 3154 persta,
611 3106 722 3151 vasaque
733 3092 809 3139 utilia
818 3092 944 3147 culturae,
980 3091 1024 3138 sed
1035 3089 1057 3136 si
1068 3100 1143 3138 caesa
1152 3089 1214 3152 sint,
1226 3096 1288 3151 puto
1299 3091 1439 3151 contineri,
1446 3093 1505 3152 utria
1515 3093 1662 3150 quaerendo
1673 3090 1770 3148 iruetui
1782 3091 1832 3139 tle-⁴

89 3172 156 3217 quaa
167 3162 232 3205 aunt
241 3165 336 3221 aratra,
348 3159 460 3220 ligones,
470 3160 576 3223 sarculi,
596 3160 677 3209 iaicas
686 3159 841 3221 putatoriae,
854 3159 944 3206 bideu-
980 3156 1106 3205 seruiunt.
1124 3155 1194 3203 idem
1205 3164 1231 3206 et
1242 3158 1270 3206 iu
1281 3158 1349 3219 pelis
1360 3158 1410 3207 erit
1421 3160 1564 3208 dicendum.
1592 3157 1827 3221 §elzsiiuagro

89 3229 141 3290 tes,
153 3231 181 3274 et
193 3225 216 3272 si
228 3238 277 3285 qua
287 3225 384 3273 similia
394 3226 446 3273 dici
457 3232 574 3287 possunt.
599 3228 723 3289 cogendi,
734 3227 945 3287 quemadmodum
980 3226 1135 3273 venationea
1144 3224 1207 3286 sint,
1218 3230 1281 3287 pute
1292 3229 1431 3275 venatores
1441 3240 1550 3289 quoqne,
1561 3230 1588 3274 et
1600 3226 1773 3286 vestigatores
1783 3236 1829 3273 ca·

89 3292 249 3354 torcularia,
271 3294 370 3355 corbes,
391 3294 521 3354 inicesquu
532 3296 688 3356 messoriae,
709 3295 789 3343 iaicas
799 3293 943 3355 inenariae,
979 3305 1034 3354 nea,
1046 3296 1072 3339 et
1084 3294 1178 3353 cetera,
1189 3307 1254 3353 quae
1265 3293 1297 3340 ad
1308 3293 1473 3341 renationem
1484 3299 1543 3342 sont
1554 3294 1714 3355 necessaria,
1728 3293 1828 3341 instru-

88 3362 162 3420 quaii
177 3360 942 3425 vindemiaveritexceptumque,inquibnsnrmenmpor-
978 3362 1067 3410 mento
1079 3360 1219 3422 contineri,
1235 3359 1380 3409 maximati
1391 3374 1453 3420 ager
1465 3367 1491 3409 et
1502 3376 1535 3410 en
1547 3363 1595 3411 hee
1606 3360 1714 3409 reditum
1725 3359 1828 3407 babuit.
1853 3388 1855 3395 ι

87 3435 192 3477 tantm.
232 3430 682 3494 conservandi,qnaliasuntdolia,
701 3430 879 3479 iicetdeiosas
888 3442 943 3475 non
978 3432 1002 3491 ς.
1017 3426 1133 3475 libitui
1143 3429 1175 3474 ab
1186 3428 1297 3487 aucupio
1307 3428 1406 3476 reditus
1417 3428 1477 3489 init,
1497 3443 1618 3491 aucupes,
1641 3432 1668 3477 et
1678 3426 1779 3489 plagae,
1798 3426 1828 3475 ιι

86 3498 151 3561 aiut,
164 3498 193 3546 et
204 3511 293 3557 cupae.
329 3500 352 3559 i.
363 3499 384 3545 i.
396 3499 555 3554 Quibusdam
567 3499 594 3545 in
606 3498 757 3559 regionibus
766 3497 891 3546 accedunt
901 3496 943 3544 in·
978 3494 1055 3544 linius
1066 3493 1106 3542 rei
1117 3494 1379 3555 instrumentumagri
1387 3496 1558 3545 instrumento
1566 3494 1751 3546 continebitur.
1772 3496 1847 3565 Neo·

86 3570 249 3625 strumento,
260 3565 283 3612 si
295 3562 360 3613 vilia
370 3567 466 3615 cultior
478 3571 527 3629 est,
539 3567 618 3615 etiam
629 3565 765 3629 strienues,
776 3565 904 3625 areperti,
920 3562 944 3613 si
979 3563 1080 3625 mirum,
1095 3575 1172 3620 uuum
1184 3566 1210 3611 et
1221 3577 1282 3611 aves
1291 3565 1467 3613 instrumento
1477 3566 1597 3626 exemplo
1607 3565 1694 3624 apium
1704 3561 1829 3612 contine-¹

84 3636 166 3683 etiam
180 3631 321 3681 viridiaria
331 3635 402 3696 sint,
424 3635 546 3694 topiarii;
568 3634 589 3700 si
601 3632 943 3695 lundussaItuspastioues-
979 3631 1001 3680 ri
1012 3631 1124 3681 Sabinus
1135 3634 1162 3679 et
1183 3632 1287 3679 cantus
1307 3631 1463 3691 putareriut.
1500 3627 1524 3693 β.
1548 3636 1587 3683 lt.
1608 3633 1636 3680 st
1657 3631 1715 3689 quis
1735 3632 1826 3681 eodem

85 3716 133 3761 que
143 3703 238 3763 habet,
248 3715 340 3761 greges
352 3715 482 3763 pecorum,
494 3706 618 3763 pastores,
629 3694 757 3750 ealtcisrii.
776 3742 785 3757 ,
979 3701 1153 3749 instrumento
1163 3698 1190 3745 iu
1202 3700 1320 3758 piurimis
1333 3700 1404 3760 agris
1413 3702 1510 3763 ulatur,
1529 3701 1603 3748 euius
1612 3700 1667 3760 agri
1679 3698 1714 3745 ait
1725 3698 1826 3745 instru-

136 3771 186 3818 ΙΧ.
207 3770 341 3818 Paulae
358 3770 538 3818 libraIV.ari
547 3770 680 3818 Sabinam.
715 3769 942 3831 Degregeorium
980 3769 1110 3817 mentuml
1132 3770 1275 3828 quaeritur.
1310 3768 1536 3831 litegnmnitrer,
1559 3768 1581 3815 si
1599 3768 1699 3825 quidem
1719 3767 1831 3826 apparet,

81 3838 120 3886 ita
133 3839 356 3897 distinguendum
366 3840 415 3899 est,
427 3840 463 3900 ut,
475 3837 497 3884 si
508 3838 567 3886 ideo
579 3842 742 3898 eomparatur
753 3838 803 3901 sit,
825 3840 853 3884 ut
865 3852 899 3888 ex
911 3851 943 3885 co
979 3837 1102 3885 voluntas
1111 3836 1320 3898 patrlslamiiiaer
1328 3836 1371 3884 cui
1383 3837 1470 3897 petius
1481 3849 1545 3895 agro
1555 3835 1743 3891 destinaverat,
1765 3834 1825 3881 sius

81 3908 189 3955 lructm
201 3910 356 3964 caperetur,
377 3919 430 3952 neu
442 3905 581 3967 debeatur,
602 3906 625 3953 ai
637 3919 700 3953 vero
711 3905 785 3968 ideo,
806 3906 874 3964 quod
889 3919 943 3953 non
979 3903 1257 3964 esaeinstrumentum3
1268 3905 1347 3953 ceteri
1359 3905 1429 3953 enim
1439 3905 1494 3964 egri
1506 3905 1537 3950 ab
1546 3905 1594 3952 boe
1604 3917 1667 3963 agro
1676 3902 1759 3949 veluti
1770 3914 1827 3949 mu·

79 3974 163 4024 aliter
174 3988 212 4023 ex
226 3973 295 4019 saltu
307 3975 407 4021 iructus
419 3974 516 4034 percipi
528 3974 633 4037 poterit,
645 3976 737 4021 contra
749 3971 810 4038 erit,
825 3972 887 4033 quia
897 3986 944 4034 per
979 3975 1097 4029 tuantur;
1109 3972 1132 4020 si
1143 3985 1195 4018 non
1207 3975 1338 4037 appareat,
1349 3971 1449 4020 nullius
1460 3973 1634 4020 instrumente
1645 3971 1732 4027 cedet,
1742 3981 1827 4025 neque

78 4057 179 4105 greges
192 4044 297 4090 iructns
308 4055 340 4089 eu
353 4042 421 4088 snitu
434 4043 621 4103 percipiuntur.
978 4039 1047 4089 euim
1058 4052 1105 4098 pra
1115 4043 1188 4098 parta
1199 4039 1337 4087 diuidimus
1347 4042 1557 4089 instrumentum.
1592 4042 1616 4101 ι.
1631 4041 1669 4086 lo.
1690 4035 1826 4096 Supelles,

129 4113 167 4159 X.
191 4110 372 4170 ulpianus
386 4111 453 4157 libra
469 4109 577 4158 XXed
586 4111 719 4159 διιιιιιιι.
754 4107 942 4157 Sireditusea
978 4110 1123 4168 ceteraque,
1132 4107 1155 4153 si
1165 4119 1215 4164 qua
1226 4108 1253 4154 in
1264 4121 1327 4167 agro
1338 4110 1453 4170 morunt,
1472 4122 1523 4167 uuo
1536 4105 1690 4155 instructior
1700 4107 1769 4152 esset
1779 4115 1826 4161 pa-

77 4177 384 4241 momentaneum
395 4178 776 4238 sireiapesquecoutiuentur.
978 4173 1147 4236 teriamiiias,
1167 4174 1426 4223 instrumentolnudi
1448 4190 1501 4223 nou
1521 4176 1699 4224 continentur.
1735 4173 1759 4232 ς.
1784 4172 1824 4216 lo.

129 4249 181 4295 Xl.
205 4248 228 4294 1
231 4246 473 4293 auoleaasit'iro
483 4247 524 4293 11.
536 4260 573 4296 ea·
584 4248 683 4295 θιιιιό.
718 4243 943 4297 Eademratioest
978 4242 1107 4289 Sidomua
1117 4242 1152 4288 sit
1163 4242 1362 4290 instrumentum
1373 4244 1495 4306 legatum,
1516 4243 1663 4301 ridendum,
1684 4238 1744 4298 quid
1764 4249 1826 4285 eou-

76 4314 105 4362 iu
117 4318 233 4366 avibus.
245 4328 310 4374 quae
322 4312 348 4360 iu
361 4313 454 4361 insuliu
464 4314 601 4362 maritimis
612 4315 728 4361 alantur.
777 4302 783 4313 ⁰
978 4310 1109 4356 tineaturl
1131 4309 1288 4370 uticenses
1308 4311 1361 4359 aitz
1383 4311 1583 4357 instrumentum
1602 4311 1692 4355 domus
1713 4306 1738 4352 id
1757 4315 1824 4367 ene,

128 4385 198 4432 xrs.
222 4383 391 4442 Ulpianus
401 4382 469 4429 ls'iro
490 4382 548 4431 XX.
571 4382 608 4431 ari
625 4382 756 4429 Sabinam.
792 4380 943 4439 Quaesitum
978 4379 1046 4436 qnod
1060 4379 1219 4435 tempestatis
1229 4379 1355 4426 arcendae
1366 4382 1412 4426 aut
1423 4377 1536 4425 incendii
1548 4390 1625 4425 cauas
1636 4376 1750 4435 paratur,
1767 4385 1822 4419 noa

74 4456 131 4502 est:
156 4465 195 4499 au
209 4453 383 4507 frumentum,
401 4450 468 4508 quod
480 4450 585 4498 elbon-iio
596 4450 726 4497 cultorum
737 4453 854 4508 paratum
865 4448 941 4511 ieret,
978 4446 1044 4507 quod
1055 4443 1198 4505 uoluptatis
1209 4446 1307 4506 gratia,
1328 4446 1415 4506 itaque
1425 4459 1508 4503 neque
1518 4443 1672 4504 specularia,
1683 4453 1767 4498 neque
1778 4453 1823 4487 ve-

73 4522 270 4568 iuatrumanto
280 4518 400 4566 cederetl
422 4517 455 4562 lit
466 4517 585 4577 plurimis
595 4530 649 4565 nou
661 4518 757 4579 piacet,
777 4516 837 4575 quia
848 4528 943 4563 consu.
978 4515 1012 4571 ia,
1033 4526 1097 4572 quae
1108 4513 1214 4573 lrigors‘s
1224 4525 1300 4560 caasa
1310 4513 1353 4559 vel
1362 4514 1468 4561 umbrae
1488 4513 1515 4559 in
1537 4514 1613 4559 domo
1633 4514 1702 4568 suut,
1724 4507 1822 4555 deberi.

72 4593 220 4643 rueretur,
252 4585 552 4645 quippeinutrumentum
574 4588 862 4646 eatapparatuarernm
884 4583 942 4630 diu·
978 4583 1052 4635 iluna
1063 4580 1195 4629 sententia
1206 4581 1359 4641 Cassiiluit,
1370 4581 1413 4642 qul
1425 4579 1534 4642 dicebat,
1545 4581 1613 4627 inter
1624 4578 1824 4624 instrumentum

73 4659 130 4703 tius
143 4666 345 4713 mansurarum,
356 4652 413 4699 siue
425 4653 516 4711 quibus
526 4654 644 4701 exerceri
655 4651 775 4710 nequiret
796 4652 942 4712 pemseia,
978 4655 1005 4697 et
1017 4653 1195 4697 ornamentum
1204 4650 1311 4696 muitum
1321 4649 1464 4706 interesse;
1476 4646 1644 4695 instrumenti
1656 4644 1724 4692 enlm
1737 4656 1767 4690 es
1781 4652 1823 4690 ea·

71 4726 213 4773 accedere
226 4734 268 4780 eo,
279 4722 346 4779 quod
357 4718 455 4767 cibaria
466 4720 548 4769 rietus
557 4721 646 4781 magis,
663 4735 740 4781 quarn
751 4719 853 4767 colendi
866 4730 943 4765 causa
978 4731 1015 4778 se,
1026 4730 1091 4774 quae
1100 4717 1132 4763 ad
1144 4718 1251 4765 tutelam
1262 4718 1351 4764 domus
1362 4716 1533 4778 pertinerent,
1545 4711 1699 4769 ornamenti,
1715 4722 1781 4771 quae
1790 4708 1824 4756 ad

71 4796 228 4852 parentur.
264 4789 464 4847 ueteranum,
484 4787 857 4836 etirumentumeivinnmsd
873 4787 943 4833 ciba-
978 4784 1443 4845 uoluptatem,sicutitabuiaspietaa.
1479 4785 1502 4844 i.
1517 4776 1825 4830 ii.l'elaauteruciiicls

70 4862 113 4907 ria
126 4861 263 4920 paratum
273 4855 449 4903 instrumento
461 4856 606 4915 contineri,
617 4860 643 4904 et
656 4856 694 4902 ita
703 4853 823 4903 Servium
834 4866 943 4913 reupon-
979 4853 1142 4903 instrumenti
1155 4866 1221 4909 esse,
1234 4853 1337 4899 Caesium
1350 4851 1394 4913 ait,
1405 4863 1470 4912 quae
1481 4851 1539 4898 ideo
1550 4852 1684 4909 parantur,
1708 4859 1742 4893 ue
1751 4844 1825 4892 aedi-

70 4928 158 4990 diese,
184 4923 328 4972 auditores
339 4923 528 4971 eiuareierunt.
565 4927 628 4971 item
639 4922 774 4970 nonnullis
790 4920 873 4968 visum
894 4925 942 4984 est,
977 4921 1127 4968 licieuento
1147 4921 1189 4968 vel
1210 4921 1298 4980 pluria
1317 4921 1445 4967 laborent.
1482 4920 1504 4979 ι.
1528 4920 1566 4964 18.
1587 4918 1693 4963 licetrun
1713 4925 1824 4976 quoque,

69 4998 266 5055 frumentum,
276 4993 342 5052 quod
354 4991 455 5037 serendi
468 4988 545 5039 riusa
556 4993 696 5054 sepositum
708 4994 755 5051 est,
767 4988 942 5038 instrumento
978 4988 1046 5048 qnod
1058 4982 1241 5049 exstinguendi
1253 4987 1368 5034 incendii
1379 4999 1457 5032 causa
1476 4989 1591 5046 paratur,
1610 4984 1669 5031 item
1690 4985 1823 5042 centorum,

69 5061 226 5111 contineri
234 5076 242 5121 5
251 5058 423 5123 puto,quiaet
430 5057 634 5109 iustarculturse
643 5064 721 5120 esset,
730 5057 800 5107 etita
807 5071 942 5105 consume·
978 5055 1109 5115 siphoues,
1119 5056 1230 5116 perticae
1240 5068 1351 5115 qunque,
1362 5058 1388 5102 el
1400 5054 1491 5115 reales,
1503 5056 1529 5101 et
1540 5052 1690 5112 lormionea,
1706 5054 1733 5098 ιι
1744 5062 1825 5108 spon-

66 5137 161 5196 retur,
177 5134 327 5187 ntsemper
337 5132 522 5187 reponeretur,
545 5129 588 5176 sed
600 5140 678 5176 causa
687 5125 793 5176 seminis
803 5124 943 5174 uibiiaci-
978 5124 1073 5188 planet
1095 5125 1189 5183 hamas,
1209 5129 1234 5170 et
1253 5136 1344 5182 scopas
1365 5120 1505 5183 contineri,
1526 5121 1642 5180 plerique
1662 5123 1689 5166 et
1709 5119 1824 5175 Pegasus

67 5198 284 5250 bariiadiiiest.
319 5199 342 5256 9.
356 5197 379 5242 1.
391 5196 567 5243 conservandi
580 5197 679 5243 iunctm
690 5207 776 5256 caasa,
788 5194 871 5242 veluti
884 5206 943 5252 grs-
978 5191 1060 5238 aiunt.
1088 5192 1111 5251 ς.
1126 5193 1165 5237 lo.
1182 5190 1412 5250 regulamentum„
1425 5189 1561 5248 ettiunnm
1574 5187 1825 5243 eiusreloausapa·

67 5255 291 5330 usrimuia'in
301 5264 343 5310 his
351 5263 449 5311 irnctos
460 5265 654 5322 cuatodiuutur,
663 5276 765 5320 urceos,
773 5261 908 5323 capeeiias,
916 5261 943 5307 iu
978 5263 1061 5306 ratum
1074 5259 1247 5305 inatrumeuto
1257 5257 1400 5319 contineri,
1420 5256 1443 5303 si
1454 5258 1485 5303 ad
1497 5254 1641 5304 huiuamodi
1656 5266 1758 5300 canuam
1778 5251 1825 5297 lra-

64 5338 177 5398 quibus
193 5335 508 5394 iructnsonmpouuutur,
529 5333 662 5394 sedetea,
682 5343 747 5389 quae
766 5329 943 5391 exportando·
979 5328 1039 5373 beat
1053 5328 1234 5389 tignaparata,
1252 5321 1693 5373 atlaliosuuuauondeeervientia.
1728 5317 1825 5396 Proin·

63 5421 132 5455 rusu
143 5406 292 5453 {coetuum
302 5412 379 5448 eausa
388 5406 523 5462 parantur,
533 5399 702 5447 instrumenti
709 5411 767 5446 ease
773 5399 885 5459 cunstat,
898 5409 943 5444 ve·
979 5395 1010 5442 de
1020 5398 1046 5441 et
1057 5395 1218 5457 fulcimenta,
1238 5394 1260 5440 si
1272 5406 1322 5452 qua
1332 5393 1440 5440 babebat
1453 5393 1511 5439 hnic
1521 5393 1559 5439 rei
1570 5388 1725 5446 necessaria,
1747 5388 1824 5433 otram

64 5474 124 5522 iuti
139 5474 283 5530 iumenta,
293 5471 320 5516 et
330 5468 458 5525 vehicula,
471 5473 497 5517 et
506 5481 597 5524 nares,
608 5470 635 5516 et
646 5481 735 5530 cupae,
742 5469 768 5513 et
779 5465 865 5515 cullei.
885 5466 908 5525 ι.
916 5467 941 5511 2.
978 5463 1189 5511 esinatrumento
1200 5464 1289 5508 domus
1299 5461 1512 5522 continebuntur.
1535 5461 1559 5520 ι.
1571 5464 1612 5507 ao.
1625 5458 1663 5503 De
1674 5455 1748 5512 velis,
1759 5463 1825 5509 quae

63 5543 201 5590 Alienus
215 5541 316 5584 autem:
339 5536 362 5583 si
372 5537 495 5593 urrosdam
506 5549 540 5584 ex
559 5532 709 5583 boiniuibus
728 5533 789 5581 aliis
806 5530 942 5592 legaverit,
971 5531 1006 5587 in
1015 5529 1166 5590 hypaethris
1175 5529 1362 5589 extenduntur,
1382 5529 1444 5576 item
1453 5530 1485 5577 cle
1495 5527 1543 5585 bis,
1557 5538 1621 5588 quaa
1632 5526 1693 5570 suut
1704 5521 1826 5570 circaeo·

63 5615 202 5666 oestrus,
229 5604 270 5660 qui
282 5604 310 5650 in
321 5604 400 5650 londo
410 5605 526 5666 inerunt,
547 5616 600 5651 uou
611 5599 742 5650 contineri
763 5601 942 5661 instrumento,
977 5598 1088 5655 luminas,
1108 5597 1199 5644 Celsua
1218 5597 1322 5659 scribit,
1344 5596 1425 5655 magis
1445 5593 1603 5663 supellectili
1622 5584 1826 5646 innumeranda,

62 5680 117 5741 ait,
129 5676 211 5738 quia
224 5672 291 5719 nihii
301 5672 422 5718 animalia
433 5673 600 5723 instrumenti
612 5684 669 5720 esse
679 5670 843 5730 opinabatur.
867 5666 944 5725 Quod
978 5670 1005 5713 et
1014 5666 1053 5713 ila
1062 5665 1185 5712 Sabinum
1196 5668 1222 5713 ιι
1232 5665 1348 5712 ὓιιιίιιιιι
1364 5668 1464 5723 putare.
1499 5665 1522 5722 ι.
1534 5664 1576 5709 al.
1598 5659 1707 5705 Canales
1728 5657 1824 5712 antem,

62 5761 126 5793 nom
140 5748 193 5793 eat
208 5752 314 5797 verum,
333 5742 524 5798 constatenim‚
535 5754 588 5798 eus,
607 5739 652 5797 qni
662 5737 719 5799 agri
730 5737 816 5797 gratia
826 5735 860 5784 ibi
872 5738 942 5795 auat,
978 5737 1004 5782 et
1024 5736 1193 5793 harpagones,
1214 5735 1240 5781 et
1261 5733 1348 5780 bamus
1367 5732 1540 5779 instrumento
1560 5724 1690 5775 contineri
1711 5720 1824 5769 constat.

62 5811 270 5861 instrumento
289 5807 428 5857 contineri.
463 5811 487 5871 ς.
505 5811 529 5858 i.
549 5807 703 5867 Quaeritur:
726 5819 760 5855 au
780 5817 880 5868 servas,
898 5802 944 5865 qut
978 5799 1472 5863 §.tultemperticsauuibuacraaeee
1482 5792 1824 5855 deterguntuntterpapna·
1908 5854 1912 5859 ἢ

102 5883 268 5929 comeus
288 5876 392 5923 lunis.
1376 5869 1406 5914 bi
