4330 6424
320 318 374 372 538
789 311 875 365 DlG.
904 309 1089 365 xxxvnt.
1117 311 1143 363 8.
1191 308 1321 364 UNDE
1359 309 1593 367 COGer'l‘l.

373 461 416 506 vt.
438 457 608 519 Ulpianus
624 454 693 502 libro
710 452 840 500 XXXIX
857 452 1030 501 artEds'cturn.
1062 451 1090 501 Si
1102 453 1177 511 pater
1210 451 1354 513 legitimam
1366 452 1536 501 hereditatem
1546 448 1727 513 admittuntur,
1748 450 1814 498 banc
1824 451 1957 498 bonoram
1967 462 2054 511 posses-
2147 470 2148 483 ¹

321 529 405 577 fllium
416 523 626 584 emancipaverit,
647 526 769 581 nepotem
780 522 927 584 retinuerit,
946 520 1038 567 deinde
1050 520 1121 568 tilius
1132 520 1176 567 de-
1211 521 1310 569 sionem
1322 527 1412 580 petere
1423 522 1542 579 possunt.

321 595 440 658 cesserit,
462 598 489 642 et
499 593 537 641 rei
548 591 679 653 aequitas,
703 593 730 637 et
740 603 818 636 cansa
829 591 923 650 edicti,
944 589 1037 646 quo-de
1049 588 1178 636 benorum
1261 591 1309 636 lll.
1325 589 1414 639 Puni
1421 604 1455 637 us
1467 588 1535 636 libro
1542 585 1647 635 XLIII.
1658 585 1828 634 adlidat-tues.
1839 585 2010 634 (iessersliter
2017 587 2057 648 igi.

322 664 490 725 possessione
501 662 592 708 liberis
603 660 689 709 danda
703 662 817 720 cotenu,
835 659 922 722 efficit,
943 659 971 705 ut
982 657 1039 704 eius
1050 657 1120 703 ratio
1129 656 1177 703 ha·
1212 660 1256 707 tur
1268 656 1402 704 sciendum
1412 660 1463 712 est,
1474 655 1678 717 quotiescunque
1690 654 1731 701 rel
1742 654 1788 702 lex
1799 654 1843 702 rel
1852 657 2056 704 senatuseornol·

323 736 425 795 beatur,
447 736 474 778 et
482 731 609 777 bonorum
619 726 751 788 possessio
762 726 881 774 intestati
892 725 974 786 patris
986 724 1076 787 detur,
1096 728 1125 772 nt
1137 727 1177 770 ts·
1212 729 1268 774 tum
1280 726 1364 773 defert
1375 725 1554 787 hereditatem,
1568 737 1623 770 non
1634 723 1715 770 etiarn
1725 723 1853 769 bonorum
1865 722 2056 790 possessionen,

323 815 383 848 rnen
394 798 565 860 bonasorori,
582 810 646 857 quse
656 797 806 843 necessaria
815 795 890 842 heres
900 793 968 853 patri
980 795 1095 856 exstitit,
1114 805 1177 839 con·
1213 808 1247 844 ex
1264 794 1311 841 bac
1321 797 1393 852 parte
1404 807 1461 842 earu
1477 793 1531 852 peti
1543 795 1681 852 oporterc;
1702 804 1760 838 cum
1775 803 1838 838 tero
1850 792 1930 838 etism
1943 791 2058 841 bonoram

322 871 393 917 ferre
405 872 515 927 cogatur
525 879 599 927 avus,
610 864 655 925 qui
667 879 713 925 per
724 877 782 912 eum
789 864 917 911 bonorum
923 861 1096 925 possessionis
1107 872 1178 907 erno·
1212 861 1404 925 possessionem
1414 861 1470 908 dari
1481 861 1563 921 iubet,
1583 864 1637 907 tum
1647 873 1680 907 es
1692 858 1740 905 ills
1750 862 1834 921 parte,
1850 872 1900 919 qus
1910 872 1948 909 ex
1958 859 2058 927 legibus,

322 937 468 985 iumentum
478 934 653 994 acquisiturus
664 936 718 996 est,
739 931 793 978 uisi
809 933 878 979 forte
894 943 959 977 arus
969 929 1019 976 iste
1031 927 1134 975 nullum
1144 941 1179 974 ex
1213 930 1267 993 peti
1277 930 1385 988 debere;
1396 930 1479 977 sedet
1490 943 1523 977 ex
1534 928 1581 974 hae
1592 930 1665 987 parte
1674 928 1781 986 poterit.

322 1007 364 1054 hia
374 1006 488 1052 fructum
498 1002 634 1061 acquirere
644 1001 711 1063 vult,
733 1002 888 1059 paratusque
899 1001 939 1045 est
950 999 981 1045 dc
991 1000 1121 1057 potestate
1132 1010 1178 1042 ne·
1264 1000 1306 1044 lv.
1325 998 1344 1043 1
1348 998 1383 1046 ul
1388 999 1400 1044 ι’
1404 1012 1488 1046 aare
1497 998 1564 1044 lttro
1578 994 1693 1043 xxm
1704 995 1883 1057 Dr'gsstorras.
1918 994 1948 1042 Si
1959 1008 1996 1043 ex
2007 994 2058 1044 dse-

322 1077 411 1135 putens
421 1072 569 1133 dimittere,
591 1072 621 1115 nt
637 1069 670 1116 sd
686 1069 874 1127 emancipatum
889 1067 1092 1114 emolumentum
1103 1077 1178 1112 omne
1213 1068 1261 1114 bus
1271 1066 1396 1114 tratribus
1413 1066 1481 1113 alter
1499 1064 1639 1113 decesserit
1654 1065 1811 1111 testamento
1830 1062 1887 1111 iure
1905 1064 1989 1127 facto,
2010 1064 2060 1112 dein

323 1144 451 1191 bonorum
460 1136 636 1200 possessionis
654 1135 797 1196 perteniat.
833 1134 1093 1197 Nocideircosoror,
1114 1145 1180 1190 qnae
1214 1134 1374 1185 deliberante
1396 1134 1491 1182 herede
1510 1133 1579 1181 alter
1601 1145 1702 1192 quoque
1722 1130 1849 1179 intestato
1870 1131 2020 1193 decesserit,
2038 1136 2060 1181 et

323 1211 393 1272 patri
404 1210 480 1256 heres
491 1206 604 1267 exstitit,
615 1205 685 1252 iuste
696 1205 769 1262 queri
782 1204 889 1265 poterit,
901 1204 969 1262 quod
981 1216 1012 1248 eo
1023 1203 1093 1249 iacto
1101 1215 1116 1247 a
1124 1200 1180 1248 col-
1214 1201 1325 1261 scriptus
1335 1203 1410 1250 heres
1423 1201 1542 1250 orniscrit
1552 1201 1732 1262 hereditatem,
1752 1201 1860 1259 patruus
1869 1198 2059 1259 legitimanhs-

323 1277 433 1326 lationis
449 1275 583 1331 commodo
601 1273 772 1333 excludatur,
792 1285 870 1328 quarn
885 1284 935 1318 aro
946 1271 1099 1331 quandoque
1111 1269 1180 1315 inte·
1215 1269 1352 1317 reditatem
1374 1271 1487 1319 habebit.
1526 1270 1593 1317 Nam
1614 1269 1677 1316 haec
1696 1268 1825 1315 bonorum
1844 1267 1999 1328 possessioz
2014 1274 2059 1315 tsss

323 1349 394 1395 stato
405 1347 538 1402 defuncto,
550 1341 583 1389 ad
593 1341 663 1387 bona
673 1341 728 1388 eiua
739 1340 814 1386 simul
827 1353 884 1386 cum
894 1340 975 1386 fratre
985 1337 1069 1398 possit
1081 1336 1179 1384 venire.
1213 1352 1287 1401 quent
1296 1338 1417 1386 heredem
1426 1353 1482 1388 esse
1492 1342 1604 1399 oportet,
1627 1337 1659 1384 sd
1670 1336 1697 1383 id
1707 1339 1808 1396 tempus
1818 1336 1945 1398 refertur,
1958 1348 2009 1394 quo
2017 1335 2060 1397 pri·

373 1416 431 1461 vu.
451 1412 500 1459 Po
504 1412 541 1471 pi
546 1411 582 1457 ai
587 1424 627 1455 aa
636 1422 673 1455 sss
684 1410 750 1455 titre
763 1405 870 1454 XXIX.
884 1409 1080 1465 Quaestionum.
1110 1403 1181 1451 Seri·
1213 1419 1282 1454 mum
1293 1408 1324 1454 ab
1336 1405 1463 1454 intestato
1475 1408 1603 1454 bonorum
1614 1404 1746 1465 possessio
1757 1405 1812 1463 peti
1823 1404 1967 1464 potuisset.

323 1485 370 1545 pto
380 1481 477 1529 herede
488 1477 650 1526 deliberante
662 1475 732 1522 titius
743 1475 917 1522 exheredatus
929 1476 1038 1521 mortem
1050 1473 1125 1536 obiit,
1141 1473 1182 1518 at·
1263 1475 1294 1521 v.
1313 1475 1526 1523 Modestinus
1537 1476 1604 1522 rotro
1614 1472 1668 1520 111.
1680 1471 1885 1520 Panaecrmn.
1904 1473 1987 1519 tuter
1995 1485 2061 1533 agne.

325 1565 375 1613 que
394 1550 433 1596 its
448 1546 563 1605 scriptus
579 1543 754 1592 heresomisit
772 1542 952 1590 hereditatem.
988 1543 1075 1600 Nepos
1087 1554 1120 1588 ex
1132 1539 1180 1586 illo
1214 1540 1735 1605 tosetcognstoshociuterest,qnodin
1747 1539 2061 1601 agnatiseteognstieoe-

246 1631 251 1640 ·
323 1620 381 1668 lilio
394 1618 528 1674 susceptus
538 1626 588 1659 avo
605 1624 667 1658 suus
684 1612 760 1658 heres
777 1610 845 1671 erit,
867 1622 952 1669 neque
963 1613 1038 1668 pater
1050 1607 1182 1656 videbitur
1214 1610 1342 1673 tinentur,
1353 1611 1381 1658 in
1395 1612 1514 1672 cognatis
1524 1624 1579 1657 non
1590 1608 1679 1667 utique
1691 1613 1720 1656 et
1732 1608 1837 1668 agnati3
1849 1608 1927 1656 rerhi
1937 1610 2060 1668 gratisps·

325 1685 470 1743 obstitisse,
491 1682 564 1729 cuius
575 1683 635 1740 post
646 1683 756 1726 mortem
774 1677 894 1737 legitima
911 1678 1026 1725 defertur
1040 1675 1181 1724 hereditas.
1216 1678 1265 1726 tris
1276 1681 1367 1742 freter,
1387 1680 1414 1726 id
1423 1685 1466 1749 est
1475 1682 1596 1740 patruus,
1614 1683 1642 1724 et
1652 1680 1763 1737 sgnatm
1774 1680 1816 1724 est
1826 1679 1855 1724 et
1864 1681 2005 1739 cognatus,
2018 1689 2061 1724 ιιι-

324 1757 380 1803 Nec
390 1751 443 1799 dici
454 1752 550 1810 potest,
562 1748 691 1811 heredem,
703 1749 748 1794 sed
760 1760 813 1792 nou
825 1759 899 1792 suurn
907 1748 1029 1803 nepotem
1035 1747 1101 1808 fure,
1114 1744 1181 1806 quod
1217 1747 1266 1794 tris
1276 1753 1363 1795 autem
1373 1748 1464 1809 frater,
1484 1747 1511 1795 id
1523 1750 1563 1794 est
1574 1745 1730 1808 avunculus,
1748 1752 1877 1805 cognatus
1888 1748 1940 1808 est,
1963 1748 2061 1807 agustus

325 1821 473 1882 proximum
483 1818 591 1877 modurn
602 1829 733 1874 nunqnam
749 1813 880 1876 tenuerit,
902 1826 980 1870 quum
996 1817 1022 1859 et
1033 1813 1090 1872 ipsc
1101 1813 1182 1861 fuerit
1215 1821 1330 1863 nonest.
1365 1818 1390 1875 t.
1404 1818 1426 1863 l.
1448 1815 1575 1873 Quamdiu
1595 1827 1653 1873 spes
1663 1816 1719 1870 est,
1738 1826 1810 1860 suum
1825 1813 1954 1860 heredem
1965 1815 2061 1873 stiqseu

325 1891 353 1938 in
365 1889 504 1949 potestate,
520 1897 603 1942 neque
613 1888 688 1943 pater
698 1882 795 1930 eumin
807 1882 853 1928 hac
864 1879 1026 1928 successione
1037 1894 1182 1941 praevene·
1217 1885 1340 1931 defuncto
1363 1883 1507 1947 exsistere,
1530 1881 1628 1929 tamdiu
1644 1879 1848 1941 consanguineis
1866 1880 1945 1928 loeus
1964 1881 2061 1930 nouat.

325 1960 377 2016 rit,
397 1961 423 2003 et
434 1953 562 2016 alioquin,
577 1951 599 1998 si
611 1964 665 1998 nou
676 1964 737 1996 suus
748 1950 824 1996 heres
835 1952 885 2006 est,
901 1962 952 2008 quo
964 1948 1022 1997 iure
1033 1949 1109 1997 heres
1120 1947 1181 2011 erit,
1216 1956 1279 2012 puts
1290 1952 1313 1999 si
1323 1951 1441 2000 defuncti
1450 1965 1520 2000 uxor
1529 1962 1675 2011 praegnans
1685 1949 1730 2015 sit,
1743 1954 1789 1996 sut
1799 1948 1918 1996 detuncfi
1926 1949 1999 1997 filius
2008 1949 2062 2009 spol

327 2026 369 2085 qui
382 2025 439 2071 sine
452 2021 532 2069 dubio
548 2034 602 2068 uon
620 2023 660 2067 est
670 2020 796 2078 agnatusi
818 2018 937 2064 Ceterum
948 2020 974 2064 et
986 2018 1009 2064 si
1020 2031 1074 2066 nou
1086 2017 1121 2064 sit
1132 2030 1180 2065 ex·
1215 2022 1305 2068 hostes
1317 2020 1361 2067 sit.

326 2093 465 2141 heredatns
482 2102 572 2147 nepos,
594 2084 662 2134 adiri
679 2086 777 2146 poterit
795 2099 829 2132 cx
846 2087 1003 2132 testamento
1020 2085 1149 2133 hereditas
1166 2096 1182 2130 a
1266 2091 1310 2136 Vl.
1329 2087 1630 2150 Hermogenioaur
1646 2084 1868 2134 romermunt
1881 2082 2061 2146 Epirum

327 2161 424 2220 scripto
435 2156 538 2219 herede,
549 2155 605 2203 lilio
618 2159 737 2214 mortuo,
759 2166 839 2212 quare
850 2152 894 2213 qui
906 2166 961 2201 nou
972 2154 1059 2201 obstat
1070 2154 1129 2200 iure
1139 2151 1181 2199 in-
1216 2155 1279 2205 Nati
1289 2160 1348 2217 post
1358 2159 1469 2204 mortem
1479 2154 1571 2217 patris,
1592 2153 1635 2201 rel
1647 2156 1706 2212 post
1720 2153 1905 2213 captivitatem
1916 2154 1973 2200 sive
1984 2155 2061 2213 depor-

325 2228 427 2288 testati,
444 2227 501 2273 iure
515 2222 606 2272 testati
618 2222 750 2273 videbitur
762 2222 906 2270 obstitisse.
942 2223 965 2282 5.
980 2224 1002 2269 l.
1015 2222 1076 2269 Non
1087 2221 1125 2267 sic
1135 2233 1182 2279 ps*
1217 2223 1353 2287 tationem,
1365 2226 1411 2272 scd
1422 2228 1449 2271 et
1459 2224 1495 2286 bi,
1509 2223 1553 2284 qui
1564 2225 1689 2283 tempore,
1701 2234 1752 2282 quo
1764 2221 1918 2281 capiebatur
1929 2221 1972 2268 rel
1983 2221 2063 2281 depos.

327 2297 446 2347 rentibus
456 2294 614 2352 liberorum,
634 2294 663 2336 nt
672 2289 764 2337 liberis
775 2293 912 2351 parentum
923 2289 1031 2337 debetur
1043 2286 1182 2351 hereditas,
1217 2293 1319 2355 sabatur
1330 2296 1413 2355 pater,
1429 2292 1458 2338 in
1469 2294 1597 2351 potestate
1607 2292 1725 2352 fuerunt,
1740 2289 1782 2337 ius
1793 2289 1865 2336 inter
1875 2302 1906 2336 se
1917 2289 2062 2348 consangsi.

327 2364 449 2425 queniam
460 2364 580 2420 parentes
591 2360 623 2406 ad
634 2361 703 2406 bons
713 2358 857 2406 liberorum
867 2356 935 2405 ratio
947 2355 1126 2405 miserationis
1137 2356 1181 2402 ad-
1216 2361 1309 2408 nitatis
1319 2361 1423 2424 babent,
1434 2359 1485 2408 etsi
1495 2360 1604 2408 heredes
1614 2357 1683 2429 pqtri
1694 2369 1750 2406 uun
1760 2356 1928 2421 exstiterint,
1938 2357 2014 2404 sicuti
2023 2369 2060 2406 es-

326 2433 409 2481 mittit
435 2429 533 2476 liberos
543 2430 654 2475 naturae
665 2426 742 2473 simul
754 2430 780 2474 et
791 2428 926 2485 parentum
938 2428 1180 2473 communetotum.
1215 2428 1342 2478 baradati.

377 2467 448 2547 Vl'll.
469 2492 903 2555 IuemtttroV1.1tesponsorum.
937 2492 1136 2541 Filiustarnitias
1153 2495 1181 2539 ut
1529 2528 1611 2589 ΤΠ,
1647 2527 1696 2586 Vl
1706 2527 1742 2587 H

327 2568 463 2631 proximus
474 2565 601 2622 cognatus
611 2565 686 2621 patre
697 2561 881 2610 consentiente
897 2561 1088 2621 possessiouem
1099 2573 1181 2620 agno-
1613 2570 1620 2586 ·
1744 2568 1752 2584 ·

327 2638 375 2685 vlt.
412 2631 537 2692 Quamvis
547 2642 594 2691 per
604 2630 783 2679 conditionem
794 2631 950 2677 testamento
965 2629 1058 2691 duam,
1075 2630 1143 2688 qued
1153 2628 1182 2675 in
1413 2612 1478 2664 ῙῙΝ
1494 2613 1518 2662 D
1536 2615 1560 2661 Ε
1611 2613 1631 2659 ⁰
1650 2614 1672 2661 ⁰
1689 2614 1712 2660 ⁹
1730 2614 1756 2661 Ν
1773 2612 1796 2659 Α
1814 2614 1837 2661 Τ
1854 2613 1879 2660 1·

327 2704 409 2767 patris
419 2703 551 2763 potestate
560 2698 695 2760 manserit,
707 2700 739 2745 sb
750 2697 895 2747 hereditate
905 2696 942 2743 sit
951 2695 1084 2758 exclusus,
1095 2698 1181 2744 temen
1266 2700 1288 2747 1.
1310 2697 1669 2761 Ulpienssb'droXLVI.
1686 2695 1875 2751 addidicisset.
1909 2697 1982 2747 Haec
1991 2698 2065 2745 bono·

328 2773 433 2822 utiliter
449 2767 643 2829 possessionem
661 2766 801 2825 agnovisse
818 2764 957 2813 videbitur.
993 2764 1092 2813 Necin
1103 2763 1183 2813 edicti
1216 2768 1417 2827 rnmpossesaio
1428 2768 1522 2815 nudam
1533 2767 1610 2815 habet
1621 2766 1755 2815 Praetoris
1764 2766 1967 2828 indulgentiam,
1987 2778 2067 2823 neque

327 2836 486 2890 sententiam
496 2835 603 2897 incidet,
614 2834 737 2891 qnoniam
748 2833 940 2893 possessiouem
951 2832 1092 2881 secundnm
1105 2834 1181 2881 tabu·
1216 2848 1252 2884 ex
1261 2834 1319 2882 iure
1329 2836 1403 2883 cirili
1415 2835 1544 2896 originem
1556 2835 1645 2895 habct;
1665 2849 1725 2883 nam
1736 2848 1783 2883 eos
1793 2834 1894 2881 invitat
1902 2834 1933 2880 sd
1944 2835 2069 2880 bonorum

326 2909 367 2958 las
377 2921 432 2956 non
442 2904 641 2966 amorinquum
652 2902 712 2949 inde
723 2916 779 2950 rcm
789 2900 884 2948 babere
895 2913 950 2947 non
962 2899 1142 2959 potuerit,nec
1153 2900 1181 2960 in
1216 2904 1418 2966 possessionem,
1439 2904 1484 2964 qui
1495 2902 1553 2951 iure
1568 2904 1644 2952 cirili
1655 2904 1688 2951 ad
1699 2901 1896 2951 suecesrionem
1907 2901 2006 2949 admitti
2015 2914 2069 2948 nou

325 2978 375 3027 tilii
389 2974 519 3036 potestate
532 2971 649 3021 conditio
660 2970 754 3031 tuerit,
775 2983 825 3016 uec
840 2968 919 3017 facilc
933 2969 1008 3028 patsr
1018 2968 1181 3031 emancipare
1216 2974 1335 3035 possunt,
1346 2972 1372 3020 id
1383 2976 1422 3019 est
1431 2977 1565 3033 cognatos.
1577 2973 1601 3033 t.
1616 2972 1763 3033 hengesti
1777 2975 1867 3019 sutem
1877 2969 2004 3031 appellati
2013 2974 2070 3017 mat

325 3045 410 3096 fliium
421 3040 479 3101 cogi
490 3039 608 3099 poterit·
1214 3040 1290 3102 quasi
1300 3053 1335 3097 ex
1346 3053 1401 3088 uno
1421 3038 1487 3098 nati,
1508 3043 1562 3102 aut,
1583 3042 1613 3086 ut
1622 3041 1708 3088 Labeo
1719 3039 1767 3103 sit,
1790 3038 1867 3101 qussi
1881 3051 2020 3086 commuue
2029 3052 2072 3084 ns-

377 3111 423 3158 tx.
441 3109 572 3157 Paulus
582 3104 650 3155 libro
663 3105 711 3153 x1.
724 3106 926 3165 Resposssorrssr.
949 3100 979 3152 Si
993 3106 1093 3167 postea,
1105 3118 1181 3166 qnam
1216 3108 1306 3159 scendi
1318 3106 1424 3156 initium
1433 3107 1584 3157 habuerint.
1605 3111 1630 3171 t.
1642 3111 1667 3156 2.
1680 3108 1801 3157 Pertinet
1811 3109 1900 3155 autem
1908 3105 1978 3153 haec
1989 3106 2033 3154 lex
2044 3107 2072 3153 ad

325 3181 397 3229 fliius
408 3176 589 3235 emancipatus
600 3176 726 3222 bonorum
737 3172 928 3233 possessionem
939 3172 1021 3231 patris
1031 3172 1117 3237 petiit,
1128 3177 1182 3223 sta·
1217 3174 1389 3238 cognationes
1400 3190 1454 3224 non
1465 3176 1589 3235 servilem
1609 3189 1657 3224 nee
1670 3177 1740 3223 enim
1749 3175 1829 3225 tacite
1847 3174 1906 3221 ulia
1916 3175 2027 3222 servili,
2037 3174 2072 3221 ti·

327 3252 467 3294 mansuum
478 3243 596 3307 mutavit,
616 3241 832 3302 nihilobesseei,
849 3240 1042 3304 quominusid,
1060 3241 1181 3301 quodec-
1217 3245 1506 3306 deturesreooguatio.
1541 3246 1564 3306 t.
1577 3243 2073 3305 t.t1eeeaussmboaorumposseesre‚

326 3315 426 3378 quisiit,
437 3313 560 3362 retineat.
596 3308 696 3370 Quodsi
706 3302 781 3370 pr'iu's
792 3308 971 3357 conditionem
982 3321 1053 3357 suam
1064 3312 1182 3358 mutato-
1217 3327 1283 3375 qnae
1293 3313 1463 3374 exhacpsrte
1473 3313 1553 3361 edicti
1564 3313 1825 3373 datur,caguatorum
1834 3311 1938 3371 grsdrm
1951 3325 2003 3359 sex
2012 3325 2071 3360 cosa·

326 3384 371 3447 rit,
383 3385 510 3432 bonorum
519 3377 713 3440 possessionem
725 3392 783 3426 eum
789 3380 882 3439 petere
894 3389 948 3424 uun
959 3389 1046 3436 posse.
1217 3381 1356 3444 plectitur,
1377 3385 1404 3429 et
1414 3395 1449 3430 ex
1459 3381 1568 3442 septimo
1580 3380 1643 3427 duas
1654 3393 1787 3443 personas,
1810 3379 1922 3427 sobrino
1936 3384 1966 3428 et
1978 3380 2076 3428 setrius

653 3478 744 3540 TIT·
773 3477 853 3537 VH·
1063 3533 1064 3536 Ἴ
1217 3454 1307 3498 naham
1320 3453 1347 3498 et
1364 3452 1460 3498 nstsrn.
1495 3451 1556 3511 §.a
1580 3449 1769 3507 cognationem
1784 3444 2077 3508 fseitetiamadoptio;

1217 3516 2079 3648 {interintnntntnnzritineant

379 3654 399 3699 l.
417 3652 433 3703 1
439 3652 658 3702 ultanustitro
670 3648 790 3698 XXVII.
801 3647 980 3711 urgeremur.
1015 3646 1181 3697 llaeevcrbs
1216 3654 1255 3703 sio
1265 3654 1430 3718 accipiemus,
1442 3656 1470 3700 ut
1481 3652 1559 3702 etism
1570 3651 1714 3712 adoptione
1725 3653 1831 3713 cognati
1843 3650 1912 3699 tacti
1924 3654 2080 3703 mutieres·

327 3721 422 3770 ‘dmi‘
445 3722 504 3767 m
520 3728 772 3773 ‘mmmm
787 3725 1048 3779 ¹⁸⁸⁸⁰f⁰¹leTs
1066 3724 1182 3766 ”lm-
1217 3727 1269 3771 tur.
1303 3722 1402 3770 Evenit
1411 3722 1502 3786 igitur,
1513 3724 1544 3769 ut
1554 3721 1586 3783 is,
1598 3719 1642 3778 qui
1653 3720 1681 3768 in
1692 3720 1862 3780 adoptionem
1874 3721 1960 3768 datus
1972 3724 2079 3783 esgtsn

327 3797 436 3836 auarus
447 3798 575 3835 sonrnus
586 3799 681 3849 nster,
698 3783 882 3851 nuperos-rade
891 3787 919 3831 et
929 3796 985 3830 eum
994 3784 1105 3844 quodem
1116 3788 1181 3834 tem·
1216 3788 1356 3839 insumitis
1366 3789 1496 3839 naturalis
1506 3790 1589 3849 patris
1600 3788 1659 3836 iura
1670 3788 1837 3851 cognationis
1849 3788 1993 3855 retineat,
2014 3802 2082 3850 qm

325 3855 398 3917 peris
406 3855 491 3915 spatio
503 3854 678 3919 accipiuntur,
698 3867 754 3902 nun
771 3852 805 3900 ad
820 3853 914 3900 mortis
930 3851 1065 3899 testatoris
1081 3855 1181 3914 tempus
1215 3859 1244 3906 i„
1255 3858 1356 3907 amm.
1371 3859 1494 3918 ,domin
1504 3858 1681 3918 mmm„
1703 3858 1748 3905 „d
1759 3872 1852 3906 eorum
1864 3860 1980 3906 ,mum
1991 3870 2082 3918 ‘⁰8⁸⁸-

324 3924 486 3985 “f‘flfflmfr
508 3923 649 3990 ledum,
670 3920 1134 3981 (11101011οΝ111011011Ῑο1θῑθῑῡῐὶ
1155 3926 1182 3969 ei
1216 3926 1490 3989 tioneminadoptira
1500 3925 1603 3975 tamilla
1612 3925 1785 3989 nanciscitur,
1806 3925 1904 3985 quibus
1918 3926 2084 3988 magnatus,
2147 3938 2148 3949 π

326 3993 386 4039 ideo
397 3990 542 4051 legitimum
553 3992 682 4055 heredem,
702 3991 725 4039 si
737 3990 822 4051 capite
835 3987 981 4036 deminutus
992 3992 1071 4053 esset,
1092 3987 1124 4035 sb
1135 3988 1182 4039 hac
1217 3993 1737 4043 mngtmffimpemgmqmnfimbi,
1764 3997 1787 4055 θ’
1801 3992 1993 4043 ,prmum
2004 4000 2085 4042 me·

325 4062 453 4108 bonorum
465 4058 632 4120 possessione
643 4058 809 4122 summoveri,
820 4056 906 4118 palam
916 4060 965 4104 est.
1215 4062 1358 4124 ’,ᾐνίξω
1368 4063 1448 4112 mm
1457 4062 1489 4124 h,
1511 4061 1556 4121 qu,
1567 4063 1640 4110 mu·
1651 4067 1701 4125 m,
1722 4061 1839 4120 mmm
1861 4065 1984 4123 proprie
1996 4061 2086 4124 pm,

371 4130 405 4176 ll.
427 4129 597 4190 Ulpianus
613 4124 677 4176 toro
693 4126 795 4175 xm.
806 4126 843 4174 od
852 4122 984 4172 Edictum.
1020 4122 1048 4172 81
1058 4123 1181 4184 repudia·
1216 4144 1273 4180 mu.
1284 4131 1447 4193 expluribus
1457 4129 1562 4179 dieitur.
1574 4133 1598 4193 t.
1612 4133 1635 4177 6.
1646 4128 1800 4178 Proximum
1810 4128 1937 4189 accipere
1943 4146 2002 4181 nes
2010 4144 2087 4192 apor-

325 4196 414 4244 rerint
424 4197 464 4243 sui
475 4197 507 4244 ab
518 4197 643 4246 intestato
655 4197 783 4244 bonorum
793 4193 997 4255 pussessionem,
1017 4192 1100 4240 adhuc
1111 4194 1181 4241 dice·
1217 4203 1256 4248 eet
1265 4212 1297 4248 eu
1308 4204 1433 4262 tempore,
1453 4212 1503 4259 quo
1515 4198 1643 4247 bonorum
1655 4198 1787 4258 possessio
1799 4198 1933 4247 defertur.
1975 4202 2005 4263 fl.
2017 4204 2044 4247 ῖ.
2063 4198 2089 4246 Si

323 4278 391 4325 mus,
403 4265 507 4313 obstare
518 4279 563 4313 eos
574 4264 709 4327 legitimis,
723 4264 773 4311 buc
785 4267 823 4310 est
833 4261 885 4318 his,
896 4261 987 4319 quibus
1003 4259 1123 4322 legitima
1133 4275 1181 4321 pq.
1214 4264 1659 4330 quq,qgquwxqmmogmm’
1680 4265 1975 4329 ,umhemuffipfi
1988 4268 2088 4317 ,emb

324 4335 376 4381 tuit
387 4333 484 4382 deterri
496 4333 637 4391 hereditas,
647 4333 755 4393 idcirco,
777 4328 839 4390 quis
848 4329 1010 4391 repudiando
1021 4330 1094 4387 qussi
1104 4329 1180 4378 liberi
1211 4340 1285 4401 qaut,
1303 4335 1372 4384 diem
1382 4348 1458 4384 suam
1470 4334 1573 4392 obierit,
1592 4347 1705 4396 sequens
1716 4335 1788 4393 quasi
1800 4334 1948 4394 proximus
1963 4336 2091 4386 aniate.

323 4404 454 4450 bouorum
464 4402 667 4466 pussessionem,
683 4403 751 4449 hane
761 4398 891 4458 incipiunt
902 4398 996 4445 babere
1006 4396 1078 4455 qussi
1090 4398 1181 4457 legiti.
1217 4408 1270 4468 gur,
1290 4403 1341 4452 q„
1350 4407 1391 4451 e„
1401 4404 1549 4465 quicunque
1558 4403 1640 4452 fueri,
1650 4405 1704 4450 ,um
1715 4403 1907 4466 ,emmm'
1929 4406 2094 4465 proxim

323 4470 368 4519 sni.
404 4470 427 4530 t.
443 4471 465 4517 1.
488 4470 558 4520 llaec
570 4474 657 4518 sutem
668 4471 796 4518 bonorum
806 4466 936 4528 possessio
949 4478 1003 4512 uon
1015 4468 1116 4512 tanturn
1126 4479 1181 4514 rus·
1216 4474 1302 4525 locum
1315 4471 1446 4520 obtinens.
1457 4474 1514 4534 §.tn
1526 4471 1554 4517 Si
1566 4472 1625 4532 quis
1635 4469 1783 4531 proximior
1793 4473 1928 4531 cognatus
1940 4473 2092 4531 naseiepe

324 4539 457 4587 scutorum
466 4538 593 4603 defertur,
605 4551 697 4586 rerum
708 4538 787 4585 etiam
798 4535 962 4597 feminarum,
970 4547 1020 4581 nee
1028 4535 1130 4582 tanturn
1136 4533 1182 4580 in·
1216 4542 1298 4601 retur,
1310 4540 1339 4588 in
1350 4554 1382 4591 ea
1393 4540 1546 4589 conditione
1558 4542 1607 4603 est,
1625 4543 1655 4585 ut
1666 4539 1717 4587 dici
1729 4538 1832 4600 debeat,
1843 4541 1962 4588 obstare
1976 4554 2046 4590 eu.
2056 4553 2097 4587 η.

324 4619 482 4670 genuorum,
490 4620 581 4655 verum
591 4607 671 4656 etiam
678 4605 870 4653 libertinorum.
886 4601 1035 4650 eommunis
1047 4607 1087 4651 est
1097 4602 1181 4662 igitur
1216 4609 1364 4670 quantinus.
1398 4609 1450 4657 sed
1465 4608 1509 4656 ubi
1522 4611 1600 4655 natus
1610 4620 1665 4654 non
1676 4609 1732 4671 est,
1754 4608 1925 4656 admittemus
1939 4623 2031 4672 eun,
2053 4608 2097 4669 qui

324 4674 453 4732 Pluribus.
488 4676 555 4724 Nam
565 4679 592 4723 et
602 4673 715 4723 feminae
727 4675 836 4734 possunt
847 4670 889 4719 tel
900 4668 1118 4734 consanguineos,
1132 4662 1180 4719 hel
1216 4680 1275 4736 pest
1287 4679 1404 4725 ventrem
1415 4676 1551 4737 proximus
1562 4674 1708 4725 videbatur.
1736 4674 1787 4723 Sed
1798 4676 1849 4725 boc
1860 4675 1901 4723 its
1911 4676 2035 4726 demun
2045 4677 2097 4724 erit
2147 4672 2148 4703 l

325 4741 554 4804 ⁸⁸³⁸20⁸¹¹⁸b0103
578 4743 641 4792 stem
651 4741 1180 4801 ΠῦθῐῑῑῑῑίΡθῑίΰῦῑΡΙῑῐΜΜΡθΙῑῠῠΜ·
1215 4745 1403 4806 accipiendum,
1426 4745 1509 4809 sihie,
1529 4742 1886 4807 quiinuteroessedicitur,
1911 4743 1991 4794 riso
2005 4761 2053 4806 ρο,
2069 4746 2101 4793 ae
2147 4752 2148 4755 ¹

325 4808 488 4864 quchabere.
522 4814 584 4872 Μ.
603 4812 772 4860 nectentem
782 4807 1180 4867 mascnlihauehonorumpos-
1215 4813 1291 4860 cuius
1304 4813 1431 4861 bonorum
1441 4812 1609 4874 possessione
1620 4811 1717 4875 agitur,
1737 4810 1790 4858 fult
1799 4813 1972 4873 eoueeptus;
1998 4814 2100 4862 mut
2147 4856 2148 4871 ,

326 4875 470 4923 sessionem
481 4879 600 4939 accipere
609 4881 730 4941 possunt,
740 4891 831 4926 rerum
841 4876 920 4925 etiam
931 4876 1052 4924 feminae.
1078 4876 1102 4936 §-
1113 4877 1137 4923 3.
1150 4875 1179 4924 81
1215 4884 1410 4946 postmortem,
1431 4896 1514 4942 neque
1531 4879 1646 4929 obstabit
1660 4879 1717 4942 alii,
1737 4891 1823 4937 neque
1838 4879 1897 4940 ipse
1909 4880 2101 4937 admittetur,
2147 4894 2148 4921 t

326 4944 383 5000 quis
394 4943 551 5010 decesserit,
570 4947 663 5005 dequo
674 4947 869 5009 incertumest,
890 4949 979 4993 utrum
991 4942 1180 5003 paterfamilias
1215 4946 1729 5013 quianoqruitpreximuscognatusei,
1747 4960 1797 5008 quo
1810 4947 2030 4999 rfroaossslun
2041 4952 2104 4998 assi-
2147 4980 2148 5003 ,

325 5018 360 5058 an
370 5010 554 5062 filiusfamilias
565 5015 614 5079 sit,
636 5017 696 5076 quis
707 5013 847 5075 pater-‘eiua
858 5014 890 5061 ab
901 5011 1020 5061 hostibus
1031 5016 1123 5070 ceptus
1134 5013 1180 5060 sd·
1214 5016 1268 5065 mel
1277 5017 1368 5066 fuerit.
1403 5019 1428 5079 t.
1441 5018 1466 5065 t.
1477 5018 1505 5066 Si
1516 5031 1567 5078 qus
1575 5028 1723 5078 praegnans
1733 5015 1884 5076 decesserit,
1896 5018 1924 5067 et
1937 5022 2040 5068 uam
2053 5032 2103 5066 η.

325 5080 375 5126 hue
386 5078 468 5141 visat,
480 5080 522 5128 sel
534 5095 597 5142 quse
608 5083 661 5131 alia
672 5096 750 5131 eausa
760 5082 902 5142 suspendat
915 5081 973 5130 eius
982 5084 1085 5141 statum,
1098 5080 1180 5141 magis
1215 5089 1288 5134 secto
1298 5090 1389 5147 partus
1399 5086 1436 5133 sit
1446 5087 1546 5149 editus,
1566 5085 1594 5133 in
1605 5099 1637 5134 ea
1646 5082 1798 5134 conditione
1808 5088 1962 5144 estparlna
1977 5087 2055 5150 me,
2072 5091 2105 5133 qr

326 5151 376 5210 ‘¹²³
388 5160 421 5194 ¹¹⁰
431 5146 515 5206 1101111
526 5147 581 5209 peti
591 5151 785 5199 bonorumeius
796 5150 936 5211 pancario,
947 5148 1180 5210 quianondurnin.
1214 5155 1305 5202 mag-p,
1325 5167 1388 5203 m„
1406 5155 1524 5215 „cipere
1545 5156 1673 5202 boum„
1689 5152 1885 5215 ,omium
1900 5157 2011 5213 ΡΜ*
2032 5156 2109 5203 mk

325 5219 449 5264 testatum
461 5228 518 5280 cusq
530 5228 587 5264 esse
597 5223 719 5281 apparet,
739 5233 817 5278 quum
833 5218 1022 5281 incertumstt,
1042 5217 1179 5266 antestari
1215 5223 1329 5282 proximi
1340 5222 1456 5282 cognati.
1484 5220 1874 5283 Sedpostseustuseonsuttum
1886 5222 2108 5281 orphitum

325 5284 420 5344 posuit.
440 5285 525 5339 Quum
536 5282 618 5342 igitur
629 5286 747 5346 coeperit
757 5285 822 5335 certi
833 5287 918 5335 status
929 5298 996 5351 esse,
1007 5289 1070 5333 tunc
1080 5284 1179 5333 demum
1213 5292 1240 5339 et
1251 5292 1320 5341 unde
1329 5290 1441 5352 legitimi
1452 5295 1542 5351 petere
1552 5290 1659 5354 poterit,
1670 5291 1730 5351 quia
1740 5288 1831 5337 mortis
1841 5292 1981 5348 tempor-0
1995 5293 2035 5342 ᾗ,
2045 5298 2110 5342 12..

325 5348 774 5417 peteudsestbonorarepossessio,
795 5358 1041 5414 ueequumcerturn
1051 5365 1179 5401 mrecoe.
1213 5371 1244 5405 10
1254 5360 1314 5406 fun,
1343 5358 1991 5421 q,1⁰·Gndnimmmtdmnmmmgmss
2006 5362 2110 5411 ,δὴ
2147 5350 2148 5413 ,

325 5420 405 5483 imita
427 5418 580 5466 ¹⁰¹⁶⁸¹⁸²¹¹¹¹¹
591 5434 657 5485 ‘¹¹⁶2
674 5422 720 5469 1θῦ
732 5436 809 5482 tl¹¹¹¹¹¹¹
818 5427 919 5471 mlum
929 5434 987 5470 ΜΟ
998 5422 1179 5483 1001191111).-
1214 5439 1307 5476 norum
1320 5427 1521 5492 possessionem,
1539 5428 1577 5491 ut,
1593 5426 1637 5486 qul
1650 5425 1908 5488 suntpriruogrsdn,
1936 5432 2111 5478 omem
2147 5444 2148 5475 ,

326 5486 510 5536 trentamitiss
528 5499 593 5534 csse.
624 5491 685 5550 §.a
707 5489 777 5536 ilaec
795 5494 881 5539 autem
898 5493 1026 5539 bonorum
1046 5490 1178 5550 possessio
1213 5495 1267 5542 rani
1277 5494 1457 5543 admittantur.
1493 5497 1517 5557 t.
1530 5496 1570 5543 11.
1594 5494 1624 5543 Si
1635 5494 1691 5554 quis
1702 5495 1769 5555 apud
1779 5494 1868 5543 hostes
1884 5494 2116 5549 merismu.
2147 5544 2148 5559 ,

327 5570 430 5605 ⁰me
441 5556 527 5617 ’ωδ
545 5554 588 5616 ‘1¹¹i
599 5557 631 5605 ΙΙ)
642 5556 768 5603 immiti
779 5559 1054 5620 polatinensem,
1066 5556 1123 5606 sire
1133 5559 1177 5608 lex
1214 5567 1329 5624 ternpore
1339 5563 1405 5626 elus,
1422 5563 1454 5611 de
1464 5564 1537 5611 euius
1548 5563 1677 5613 banorum
1686 5562 1853 5626 possessione
1862 5564 2049 5633 quau-im,
2071 5569 2116 5616 gg,

326 5624 462 5673 “mmm
473 5623 618 5672 “mmm
634 5637 693 5672 ‘⁰¹³¹
708 5623 854 5684 ¹⁰3¹¹¹¹¹¹¹¹m
869 5625 990 5673 hmdem
1007 5626 1102 5685 “titii
1122 5629 1178 5677 tlte
1213 5630 1324 5680 cendum
1334 5635 1383 5693 est,
1394 5631 1523 5680 bonorum
1533 5631 1727 5692 possessiouem
1737 5630 1791 5691 peti
1800 5630 1832 5678 sb
1841 5643 1874 5678 eo
1886 5640 2003 5688 pom,

325 5691 380 5740 alia
391 5692 436 5741 lex
448 5694 588 5753 senatusue
598 5692 755 5742 consultum.
782 5691 901 5751 lienique
912 5697 1004 5751 meter,
1016 5706 1082 5751 quse
1091 5707 1125 5744 ex
1137 5710 1177 5745 se·
1264 5701 1297 5747 11,
1318 5702 1421 5748 cuias
1439 5699 1507 5747 libro
1521 5698 1599 5748 XVI.
1617 5698 1656 5747 ad
1668 5700 1791 5747 Edictum
1804 5700 2011 5759 prestre-⁸012,
2057 5707 2119 5754 g„

324 5760 523 5810 natuscunsulto
535 5761 608 5811 venit
618 5758 795 5825 Tertulliano,
806 5758 869 5808 item
880 5759 923 5821 qui
934 5775 968 5811 es
979 5762 1136 5823 Orphitiano
1147 5765 1177 5811 ad
1212 5770 1288 5825 parte
1297 5766 1441 5816 Proconsul
1451 5766 1567 5816 naturali
1577 5767 1709 5830 aequitate
1718 5768 1804 5818 motus
1814 5765 1948 5815 omnibu·
1962 5774 2117 5834 eom
