4354 6424
631 432 813 510 Uul·
845 438 1034 505 ⁶27.be
1066 440 1131 507 ssu
1150 430 1383 508 ΜΠΜ·

137 591 209 638 siras
228 582 392 648 measa,
410 593 540 645 paeon,
558 582 716 643 umente
726 581 985 651 aebistfiiooiasa,

135 658 197 705 siro
205 653 315 703 eseeiao
329 652 490 714 ituamtore,
502 649 604 708 misai
620 649 687 697 iaris
702 650 887 704 aitmntioaes
897 651 986 713 piaes-

139 726 243 781 sium
270 720 381 768 Latinos
395 722 483 769 autem
497 718 633 778 maneos,
654 720 680 764 st
699 730 815 782 emm,
833 732 900 777 qaae
915 719 985 773 eirea

139 805 184 841 ess
201 792 304 852 bearat,
325 787 516 836 numantiam
532 785 586 832 sita
604 785 795 837 munuum
810 799 857 844 per
871 785 986 835 eiusdem

140 857 299 915 ttoaoetoris
310 855 503 916 massionem
511 852 690 912 eerresimu,
707 865 774 915 quae
783 853 853 900 inter
863 854 985 913 imperia-

141 929 178 974 ies
189 925 277 971 radiat
289 924 445 972 mettense.
472 920 507 968 ss
517 932 607 966 ossacs
616 919 739 982 libertos,
749 920 824 971 nubo
836 933 883 969 nee
891 921 985 971 aetatis

142 991 296 1040 manumissi
306 1024 314 1051 ‚
332 1004 380 1037 nee
390 987 501 1035 dominii
511 986 723 1049 manumissoris,
740 999 789 1034 nee
805 988 834 1033 in
844 988 985 1035 manumis-

141 1060 231 1107 sionis
241 1057 320 1107 modo
331 1055 482 1104 dineimine
491 1054 590 1115 habito,
608 1054 687 1101 sicuti
698 1057 777 1103 sates
789 1055 984 1119 observabatur,

143 1127 254 1174 civitate
266 1125 384 1171 iiomsaa
401 1122 568 1183 donavimus,
590 1116 680 1173 mritis
700 1121 785 1171 modis
803 1122 916 1185 additia,
937 1136 986 1183 per

144 1206 209 1251 quos
220 1192 308 1254 ped
317 1192 426 1238 libertas
435 1188 520 1237 serris
530 1200 589 1238 eum
599 1188 709 1239 civitate
718 1189 842 1253 Roma,
853 1202 919 1249 quse
929 1189 986 1237 sois
1001 1244 1005 1251 ¹

143 1263 181 1308 est
192 1259 223 1307 in
235 1258 379 1323 praesenti,
390 1256 527 1323 praestari.

476 1354 568 1417 ΤΙΤ.
595 1355 654 1417 Vi.

176 1444 250 1498 QUi
270 1442 322 1493 ΕΤ
342 1441 489 1496 uulnus
509 1438 563 1488 Ex
582 1441 728 1489 CAUMB
745 1438 954 1493 ussonia·-

353 1508 460 1558 TF-RE
480 1509 562 1556 NON
582 1508 778 1561 Possunt.

193 1594 256 1641 Non
266 1592 355 1639 umen
365 1592 511 1649 cuicunque
521 1592 623 1642 roienu
632 1592 815 1645 manumittere
825 1592 896 1641 iicet.
921 1592 987 1641 Nam

147 1662 184 1722 is,
199 1659 245 1718 qui
256 1660 285 1705 iu
296 1659 414 1706 mandem
426 1659 585 1709 creditorum
594 1660 763 1724 manumittit,
775 1660 842 1707 nihii
851 1661 915 1721 agit,
926 1661 987 1718 quia

146 1727 192 1775 iex
210 1727 286 1772 Aelia
301 1726 393 1773 Sentis
409 1726 516 1785 impedit
533 1725 689 1775 libertatem.
730 1730 753 1788 h·
773 1731 795 1775 i.
817 1726 987 1779 hicetautetu

146 1794 264 1855 domiso,
274 1793 320 1850 qui
331 1793 457 1840 soivcndo
468 1806 523 1839 aaa
534 1796 583 1857 est,
595 1795 623 1840 in
634 1798 789 1843 testamento
799 1808 902 1842 mrum
913 1810 987 1843 auum

147 1874 205 1907 eum
215 1861 338 1909 libertate
347 1860 466 1908 heredem
477 1861 627 1923 instituere,
638 1866 670 1909 ut
678 1862 749 1910 iiber
755 1863 814 1925 nas,
827 1863 952 1922 heresque
962 1865 987 1911 ei

146 1929 221 1975 sotus
234 1932 261 1975 et
278 1929 456 1991 ueeesmrius,
477 1929 501 1976 si
517 1930 595 1976 modo
610 1929 635 1975 ei
653 1941 729 1976 nemo
740 1930 807 1976 aiios
819 1943 851 1977 ex
865 1944 896 1977 eo
907 1934 987 1977 testa-

146 1998 234 2044 meato
251 1996 327 2044 heres
342 1996 493 2059 exstiterit,
514 2000 560 2043 sut
576 1996 638 2056 quia
649 2009 724 2043 nemo
734 1996 808 2045 heres
819 1997 932 2057 scriptus
942 1998 986 2061 sit,

145 2066 190 2111 aot
202 2063 264 2122 quia
275 2063 313 2127 is,
334 2065 379 2122 qai
391 2064 504 2123 scriptus
513 2066 567 2126 est,
589 2058 704 2121 ‹iuaiibet
715 2077 749 2113 ex
761 2076 837 2111 eausa
848 2065 922 2112 heres
933 2078 986 2113 non

144 2130 290 2181 exstiterit.
331 2132 411 2190 idque
425 2131 514 2178 eadem
529 2131 587 2190 iege
600 2131 676 2181 nens
685 2130 777 2178 Sentis
792 2132 986 2195 provisumst,

145 2202 170 2246 et
180 2201 262 2247 reete.
291 2198 373 2247 vaide
384 2198 455 2246 enim
465 2197 677 2257 prospiciendum
689 2200 761 2261 erat,
781 2204 810 2243 ut
820 2202 927 2258 egentes
937 2199 986 2247 late

145 2267 236 2329 mines,
248 2265 342 2321 quibua
353 2267 422 2315 aiios
431 2264 507 2313 heres
519 2264 667 2312 exstiturus
678 2278 731 2312 uon
742 2268 819 2327 esset,
830 2266 872 2312 vei
883 2278 986 2312 servum

145 2347 219 2380 enom
240 2333 416 2380 necessarium
438 2332 558 2379 heredem
577 2331 716 2392 haherent,
739 2333 783 2390 qai
805 2333 986 2379 satisiaeturns

146 2406 215 2447 esset
230 2399 418 2463 creditoribus,
438 2402 484 2445 sut
499 2398 549 2446 hoe
560 2411 593 2447 eo
604 2411 657 2445 non
667 2399 781 2446 iaciente
791 2398 935 2447 creditores
943 2413 986 2446 res

147 2466 314 2513 hereditarias
333 2467 407 2514 serri
423 2467 530 2515 nominc
545 2467 674 2528 vendant,
695 2479 728 2513 nc
739 2466 838 2514 iniuria
848 2466 986 2515 defunctus

147 2533 280 2579 abiciatur.
320 2536 343 2594 p.
355 2537 379 2580 2.
392 2533 512 2592 idemque
522 2532 590 2580 iuris
602 2535 651 2595 eat,
663 2534 690 2579 et
700 2533 788 2581 sisino
798 2534 920 2582 iibertate
931 2546 985 2580 ser-

147 2613 193 2645 sus
205 2601 278 2646 berea
289 2600 427 2647 institutus
438 2604 487 2651 eat.
520 2599 597 2653 iiuod
608 2601 700 2649 nostra
710 2600 866 2648 constitutio
876 2612 931 2646 uon
941 2613 985 2645 so-

146 2667 196 2713 ium
208 2667 234 2713 iu
246 2666 361 2727 domino,
373 2667 416 2725 qui
429 2667 557 2715 soisendo
570 2679 623 2713 uon
634 2670 683 2729 est,
695 2668 738 2715 sed
749 2668 910 2727 generaliter
922 2680 986 2714 cou-

144 2734 245 2793 stituit,
257 2747 327 2781 nors
336 2733 635 2797 humanitatirratione,
652 2735 680 2780 ut
690 2747 724 2783 ex
735 2735 791 2795 ipsa
803 2734 933 2794 scriptura
944 2735 985 2781 iu-

145 2800 293 2846 stitutionis
304 2801 496 2850 etiamiihertas
507 2801 531 2849 ei
544 2802 690 2860 competere
701 2801 829 2866 videatur,
843 2814 919 2860 quum
932 2815 985 2849 non

144 2872 184 2914 est
196 2867 354 2930 verisimile,
366 2881 439 2929 eum,
450 2882 526 2927 quem
534 2868 655 2916 heredem
666 2868 714 2917 sibi
725 2869 821 2931 clegit,
837 2870 858 2916 ai
869 2872 986 2928 praeier-

145 2934 246 2981 miserit
258 2934 387 2981 iibertatis
397 2936 581 2999 donationem,
601 2947 706 2985 servum
715 2949 850 2985 remanere
860 2936 984 2998 roiuiase,

144 3006 173 3048 et
185 3002 315 3049 neminem
328 3002 376 3047 sihi
387 3002 507 3050 heredem
517 3003 584 3051 iore.
626 3002 651 3067 fl.
674 3004 697 3053 8.
729 3004 758 3049 in
770 3002 887 3051 baudem
899 3006 984 3053 sutem

144 3070 308 3117 creditorum
318 3069 499 3117 manumittere
509 3069 628 3131 videtur,
644 3068 689 3127 qui
700 3068 741 3116 rei
752 3069 802 3116 iam
815 3082 847 3116 eo
858 3074 983 3133 tempore,

144 3148 198 3192 quo
213 3134 391 3195 manumittit,
414 3136 539 3183 soiscndo
549 3150 602 3182 nou
613 3139 668 3198 est,
685 3135 727 3182 vei
739 3137 806 3183 datis
817 3136 984 3183 iibertstibua

147 3201 287 3247 desiturus
296 3204 336 3247 est
346 3201 471 3249 soiveusio
481 3215 544 3249 esse.
570 3202 753 3256 Praeraiuisae
768 3206 854 3252 tumen
870 3203 984 3267 ridetur,

149 3267 205 3313 nisi
217 3267 331 3313 animum
343 3279 443 3323 quoque
455 3268 586 3315 iraudsndi
596 3269 768 3316 manumissor
778 3269 912 3331 innituerit,
930 3282 983 3316 non

148 3333 277 3393 impediri
291 3333 450 3393 libertatem,
470 3335 583 3392 quamvis
596 3336 664 3382 hona
680 3336 737 3383 eins
748 3336 920 3383 creditoribus
931 3350 983 3383 nou

146 3400 288 3448 subiciant.
319 3400 401 3460 Saepe
410 3400 478 3447 enim
489 3401 519 3447 dc
531 3402 697 3450 multatibus
709 3396 763 3448 a'oia
776 3404 897 3465 emplius,
909 3417 983 3460 quem

144 3469 176 3516 in
187 3467 226 3513 bis
238 3469 293 3529 est,
306 3470 411 3525 sperant
422 3467 546 3515 homines.
582 3471 670 3528 itaque
681 3474 743 3516 tune
754 3469 924 3529 intelligimus
936 3470 983 3517 im-

143 3533 230 3595 pediri
242 3535 396 3595 iibertatern,
407 3548 484 3594 quum
494 3538 605 3596 utroque
616 3537 692 3583 modo
705 3537 858 3583 irauduutor
869 3537 983 3584 oredito-

145 3615 204 3659 res,
225 3601 252 3647 id
264 3604 341 3648 estet
352 3602 463 3649 eonaiiio
473 3603 692 3665 manumittentis,
713 3608 739 3651 et
751 3603 853 3669 ipsane,
870 3604 984 3661 eoquod

145 3668 202 3716 eius
218 3668 287 3714 bons
297 3681 350 3714 nou
360 3672 421 3716 sunt
432 3670 574 3717 suiieetura
584 3670 766 3718 oreditoribus.
799 3672 821 3730 p.
840 3672 864 3716 i.
887 3670 983 3717 Eadem

146 3736 203 3795 iege
213 3736 289 3782 neiis
301 3736 393 3782 Sentis
408 3737 513 3786 domino
531 3737 627 3783 minori
645 3736 738 3797 viginti
754 3737 830 3783 annia
842 3750 894 3782 non
905 3737 983 3784 siiter

147 3803 329 3849 manumittere
341 3804 509 3863 permittitur,
520 3816 595 3859 quam
607 3803 628 3849 ai
640 3803 983 3866 s‘indiete,spusiconsiiium

147 3870 215 3916 iusta
226 3882 304 3915 causa
315 3870 526 3917 manumissionis
538 3871 693 3934 opprobata,
711 3872 811 3918 inerint
822 3870 981 3923 manumissi.

149 3938 173 3995 ς,
186 3938 207 3982 i.
230 3937 316 3982 iustae
327 3941 412 3987 autem
422 3938 634 3989 manumissionis
644 3952 737 3985 causes
747 3939 794 3986 hae
805 3940 879 3986 sunt:
900 3937 982 3985 veluti

150 4003 172 4048 si
188 4003 245 4059 quis
262 4007 362 4062 patrem
380 4008 425 4051 sut
435 4007 561 4068 matrem,
581 4005 664 4055 titium
674 4006 799 4068 tiiinmre,
821 4008 865 4052 aut
876 4005 984 4052 tratrem

147 4082 295 4116 erroremve
305 4072 453 4135 naturales,
470 4076 515 4119 aut
526 4072 715 4135 paedagogum,
733 4073 876 4134 nutricem,
889 4072 984 4119 eduea-

148 4140 237 4197 torem,
249 4139 296 4182 aut
305 4138 438 4186 alumnum
448 4139 625 4201 alumnsmve,
637 4143 682 4186 aut
691 4140 880 4189 ooiiuetaneum
893 4152 984 4187 manu-

147 4204 242 4263 mittat,
254 4208 300 4250 aut
311 4218 415 4252 servum
426 4206 606 4266 procuratoris
616 4206 724 4253 hubendi
736 4207 834 4269 gratio,
845 4210 890 4253 sut
901 4206 984 4253 ancii-

146 4270 194 4316 ism
211 4272 374 4319 matrimonii
386 4287 478 4336 causa,
499 4274 559 4320 dum
569 4276 655 4323 tamen
666 4274 737 4320 intra
747 4288 792 4321 sex
805 4286 904 4322 menaea
915 4286 985 4321 usos

150 4337 270 4400 dueatur,
293 4340 347 4386 nisi
365 4340 435 4387 iusta
449 4353 528 4392 causa
544 4340 680 4402 impediat,
701 4344 727 4387 et
738 4342 782 4399 qui
793 4340 985 4394 nmnumittitur

150 4405 326 4461 procuratoris
343 4406 452 4458 habendi
471 4407 558 4467 gratia
573 4420 627 4454 non
642 4409 728 4455 minor
747 4409 834 4458 decem
849 4411 877 4455 et
887 4412 985 4467 reptem

152 4472 224 4518 anais
239 4475 447 4523 manumittatur.
481 4476 541 4534 §.u
566 4475 653 4523 Semel
668 4481 754 4523 autem
771 4490 849 4523 cortes
866 4476 985 4537 probata,

153 4538 205 4584 sive
214 4552 276 4586 vers
287 4542 322 4588 sit
340 4540 395 4589 aive
407 4543 487 4602 ieisa,
500 4555 554 4589 uon
565 4545 730 4590 retractatur.
756 4544 778 4602 d.
790 4546 814 4590 t.
827 4544 911 4595 Quum
922 4554 985 4602 ergo

154 4606 237 4651 certus
245 4609 336 4659 modus
347 4610 547 4656 menumittendi
559 4609 704 4656 minoribus
715 4609 807 4670 viginti
820 4609 986 4657 annisdomi·

151 4671 192 4718 nis
202 4685 246 4730 per
255 4673 339 4733 legem
349 4675 451 4723 Aeiiem
460 4677 578 4724 Sentium
589 4678 748 4724 constitutus
759 4680 830 4739 ersi,
842 4676 986 4739 eveniebat,

151 4740 179 4784 ut
189 4740 232 4795 qui
242 4743 438 4797 quatuordeeim
450 4757 532 4790 annos
543 4745 638 4790 aetatis
649 4746 815 4805 expieverut,
831 4745 895 4792 iioet
906 4746 987 4790 teste-

151 4808 261 4853 meutum
272 4811 374 4871 iecere,
392 4812 418 4856 et
433 4810 461 4856 in
473 4823 504 4858 eo
515 4810 562 4857 sibi
573 4810 691 4859 heredem
702 4811 841 4857 instituere
853 4811 987 4870 legataque

151 4872 297 4931 reiiuquere
309 4880 413 4938 posset,
424 4879 525 4941 tumen,
536 4877 557 4923 si
568 4878 650 4925 oribus
660 4880 745 4927 minor
756 4879 824 4925 esset
834 4878 930 4939 uiginti
940 4891 988 4925 an-

150 4940 200 5001 uis,
210 4939 358 4990 libertatem
370 4956 447 4990 servo
461 4945 520 4992 dare
532 4958 583 4991 nou
595 4950 690 5005 posset.

200 5007 277 5061 Quod
288 5023 343 5057 non
354 5019 411 5058 eret
422 5012 572 5071 ierendom,
594 5014 616 5059 si
629 5013 660 5077 is,
681 5012 722 5060 eui
734 5013 848 5060 totorum
859 5012 986 5061 bonorum

150 5074 178 5125 ia
188 5078 344 5131 testanseuto
356 5077 495 5137 dispositio
507 5082 565 5127 dato
574 5084 645 5143 emt,
663 5080 710 5126 nui
721 5094 797 5127 servo
808 5080 869 5127 dere
880 5080 987 5127 liberio-

151 5145 202 5189 tem
212 5154 266 5189 sou
276 5143 486 5203 permittebatur.
523 5146 610 5201 Quare
623 5161 671 5195 nos
681 5147 805 5194 similiter
814 5148 853 5207 ei,
866 5145 987 5204 quemad-

150 5207 252 5256 modum
268 5210 336 5257 siiaa
354 5225 412 5275 res,
426 5213 472 5273 p'ta
485 5218 513 5263 et
532 5227 623 5261 servos
640 5228 701 5265 auos
712 5229 741 5261 su
751 5214 842 5261 uitime
853 5213 988 5258 uoluntate

151 5275 299 5340 disponere,
311 5279 527 5336 quemadmodum
537 5281 667 5339 voluerit,
679 5281 866 5341 permittimus,
879 5283 907 5325 ut
919 5284 944 5326 et
956 5278 988 5324 ii-

151 5340 277 5390 bcrtstem
291 5346 332 5393 eis
348 5346 430 5405 possit
441 5352 583 5406 proestare.
616 5348 666 5394 Sed
677 5363 754 5407 quum
765 5348 870 5394 libertem
881 5344 989 5392 inaesti-

150 5409 253 5457 meisiiis
261 5415 316 5475 est,
336 5415 363 5460 et
374 5418 483 5474 propter
494 5416 543 5463 boc
554 5416 616 5462 suste
628 5415 777 5462 vicesimum
789 5413 883 5461 scintis
895 5426 989 5467 annum

154 5477 295 5536 antiquitas
309 5480 458 5533 libertatem
470 5497 547 5530 servo
558 5482 619 5528 dare
631 5482 796 5541 prohibebat,
809 5479 866 5527 ideo
878 5494 926 5525 noa
938 5494 989 5524 me-

155 5540 217 5592 diam
229 5547 418 5605 quodammodo
429 5550 632 5609 viameiigentea
641 5563 694 5596 non
704 5549 782 5596 aliter
790 5547 885 5594 minori
897 5545 990 5605 viginti

154 5612 228 5660 suuis
242 5613 393 5663 libertatem
404 5618 432 5663 in
445 5620 600 5665 testamento
608 5617 669 5664 dare
677 5628 807 5664 servosuo
817 5614 996 5679 concedimus,

155 5676 206 5725 uisi
214 5680 355 5740 septimum
367 5685 393 5731 ct
404 5684 638 5734 decimumnonum
650 5682 814 5744 impleverit,
833 5686 858 5728 et
871 5686 991 5726 ociorum

155 5742 278 5795 &dmum
290 5763 388 5799 aunum
401 5753 529 5817 tetigerit.
571 5752 656 5806 Quum
667 5752 735 5799 enim
745 5749 888 5807 antiquitas
899 5745 990 5792 isuiua-

154 5812 220 5860 nob
230 5817 311 5863 aetati
323 5820 352 5865 et
361 5832 409 5877 pro
421 5820 481 5867 aiiia
493 5820 627 5881 postulare
639 5818 779 5881 concessit,
791 5814 837 5863 our
848 5827 900 5861 nou
913 5812 989 5860 etism

1001 578 1006 587 '
1037 572 1873 644 mimosatasaisssuaeenaiasaseretator,ststiiiass

1037 654 1372 703 menomenas
1381 653 1483 712 possint
1493 651 1652 715 perveniret

1069 835 1123 885 isit
1141 836 1247 885 LEGE
1265 750 1581 893 wsglgilylffit
1599 828 1836 885 sonantius.

1088 919 1369 980 mgeruiacaamte
1386 922 1472 973 certus
1488 920 1581 971 modes
1597 919 1758 973 eonstitutus
1773 920 1831 965 erat
1845 916 1876 967 ia

1038 988 1123 1035 servis
1140 988 1296 1034 testamento
1312 985 1532 1035 manumittendis.
1562 986 1644 1041 tinam
1654 986 1728 1045 quasi
1738 984 1876 1034 libertates

1037 1054 1220 1115 humentem
1231 1057 1258 1103 es
1268 1052 1454 1111 quodnamoeie
1465 1054 1587 1110 invidam,
1595 1055 1738 1109 enitendum
1746 1064 1876 1105 enecer-

1038 1122 1152 1185 suimus,
1172 1134 1252 1179 quum
1268 1119 1334 1175 satis
1344 1120 1430 1166 iuerat
1442 1120 1620 1185 inhumanum,
1643 1123 1718 1173 sivos
1729 1120 1832 1178 quibem
1840 1118 1879 1167 ii-

1038 1191 1150 1241 aeuiiasu
1160 1189 1263 1251 hahere,
1274 1190 1356 1234 totam
1366 1198 1440 1234 suasu
1450 1188 1575 1236 {aetitiam
1581 1185 1876 1248 libertateaousremiai
1904 1200 1913 1217 ‘

1038 1255 1091 1307 aiis
1101 1268 1179 1303 eausa
1189 1255 1313 1314 impediat
1322 1254 1483 1320 libertatem,
1504 1253 1677 1304 morientibus
1688 1256 1774 1307 eutem
1782 1252 1875 1304 buius·

1035 1323 1108 1373 modi
1117 1321 1251 1373 lieentiam
1260 1321 1384 1377 adimere.
1858 1330 1861 1341 ·

1349 1421 1439 1482 ΤΙΤ.
1460 1420 1562 1483 viii

1037 1509 1172 1574 nasse,
1192 1508 1264 1566 eur
1283 1508 1347 1559 eus
1371 1507 1450 1554 vus.
1466 1505 1612 1554 asinas
1627 1505 1738 1552 ruma
1762 1504 1875 1554 suns.

1087 1595 1216 1657 muitum
1226 1594 1258 1641 de
1269 1593 1329 1639 iure
1338 1602 1508 1650 personarum
1521 1589 1575 1635 aiis
1586 1589 1690 1637 divisio.
1721 1589 1787 1636 Nam
1796 1596 1876 1645 qun-

1039 1661 1097 1710 dam
1114 1674 1242 1723 personae
1259 1660 1300 1706 sot
1317 1658 1384 1705 iuris
1395 1661 1472 1718 seat,
1494 1656 1616 1713 quaedum
1628 1656 1715 1703 aiieno
1726 1654 1778 1701 iuri
1790 1653 1876 1701 subie-

1040 1734 1105 1778 otae.
1134 1731 1233 1775 iiursss
1244 1740 1341 1787 esrum,
1352 1738 1418 1782 quse
1426 1724 1515 1774 alieno
1525 1722 1578 1771 iuri
1586 1723 1717 1771 subiectae
1728 1724 1797 1783 sunt,
1807 1719 1876 1767 aiiae

1040 1798 1068 1844 iu
1078 1799 1208 1857 potestate
1219 1797 1363 1854 parentum,
1375 1792 1442 1838 aiiao
1453 1792 1482 1838 in
1492 1790 1620 1849 potestate
1629 1789 1793 1839 dominorum
1805 1788 1875 1835 suut.

1039 1865 1177 1911 Videamus
1194 1863 1283 1919 itaqua
1302 1861 1333 1907 de
1350 1859 1400 1918 iis,
1419 1870 1485 1915 quae
1495 1857 1582 1904 uiieno
1594 1856 1645 1903 iuri
1657 1857 1788 1904 subiectae
1798 1856 1876 1911 suui;

1039 1930 1359 1989 namsieognoscrimus‚
1375 1925 1518 1982 quaeistae
1529 1926 1736 1984 personuerunt,
1747 1922 1824 1970 fimus
1834 1921 1877 1969 in.
1975 1934 1977 1939 ,
2078 1934 2082 1945 ι

1039 1998 1203 2059 teiiigemus,
1215 2009 1280 2055 quae
1291 1995 1332 2041 sni
1344 1993 1413 2040 iuria
1424 1995 1495 2038 aunt.
1536 1992 1574 2039 Ac
1584 1991 1658 2050 prius
1668 1990 1835 2050 dispiciemus
1846 1986 1877 2035 dc

1040 2065 1082 2126 iis,
1095 2078 1160 2122 «puae
1171 2064 1198 2110 in
1211 2064 1342 2122 potestate
1352 2058 1517 2107 demissorum
1526 2062 1596 2107 aunt.
1627 2059 1650 2117 b.
1665 2060 1686 2104 i.
1707 2060 1736 2104 in
1747 2058 1877 2117 potestate

1037 2132 1128 2191 itaque
1138 2130 1303 2179 dominorum
1313 2131 1376 2177 aunt
1384 2127 1463 2174 servi.
1484 2126 1557 2180 tinae
1568 2124 1668 2183 quidem
1679 2127 1795 2187 potestas
1807 2122 1876 2170 iuria

1039 2199 1155 2257 gentium
1172 2200 1226 2256 est3
1258 2210 1317 2243 nam
1334 2195 1402 2255 apud
1421 2206 1510 2243 omnes
1520 2204 1648 2251 peraeque
1658 2195 1749 2250 gentes
1760 2188 1876 2239 animad-

1039 2268 1142 2312 vertere
1157 2277 1307 2325 possumus,
1319 2262 1432 2309 dominia
1447 2261 1475 2307 iu
1487 2271 1577 2307 servos
1587 2258 1658 2304 vitae
1670 2259 1791 2316 necisque
1802 2258 1877 2316 pote-

1038 2335 1130 2379 statem
1144 2332 1241 2391 tuisse,
1262 2332 1289 2379 et
1305 2330 1482 2388 quodcumque
1496 2340 1543 2386 per
1559 2338 1660 2374 ursum
1671 2325 1831 2385 acquiritur,
1849 2321 1877 2368 iti

1039 2400 1145 2447 domino
1155 2398 1310 2457 aequiritur.
1343 2399 1368 2459 9.
1380 2399 1405 2444 2.
1424 2395 1475 2442 Sed
1485 2395 1535 2442 boe
1545 2396 1662 2452 tempore
1672 2392 1754 2439 neritia
1764 2387 1876 2438 bomini-

1038 2466 1099 2528 isus,
1116 2465 1159 2523 qui
1171 2467 1218 2512 sub
1230 2463 1339 2524 imperio
1349 2464 1441 2510 nostro
1451 2464 1528 2524 suut,
1548 2459 1612 2509 iicet
1621 2459 1677 2506 aine
1688 2471 1766 2506 cauas
1775 2456 1882 2516 iegibus

1039 2533 1144 2593 cognita
1154 2533 1182 2579 in
1193 2544 1283 2579 servos
1293 2544 1354 2577 auos
1367 2542 1446 2589 supra
1456 2529 1559 2576 modum
1570 2526 1679 2575 saevire.
1701 2527 1766 2575 Nam
1773 2536 1807 2573 ex
1814 2534 1877 2571 con-

1037 2600 1178 2648 stitutione
1194 2598 1248 2646 divi
1260 2598 1300 2645 Pii
1311 2596 1455 2658 Antonini,
1476 2594 1519 2652 qui
1531 2595 1587 2641 aine
1599 2606 1676 2652 esum
1686 2602 1791 2641 servum
1802 2602 1877 2638 suum

1037 2667 1163 2715 oceiderit
1174 2679 1227 2712 non
1238 2666 1325 2713 minua
1336 2663 1425 2723 puniri
1437 2662 1552 2725 iubetur,
1563 2673 1639 2719 quam
1650 2660 1694 2719 qui
1705 2660 1820 2707 alienum
1830 2666 1876 2703 oc-

1038 2734 1140 2781 ciderit.
1171 2734 1223 2781 seri
1234 2735 1260 2781 et
1270 2731 1354 2782 maior
1364 2730 1493 2789 asperiter
1504 2726 1666 2775 cheminatum
1679 2727 1791 2774 eiusdem
1803 2725 1877 2785 priu-

1037 2802 1104 2861 cipis
1113 2800 1304 2849 eonstitutionc
1315 2799 1469 2855 aotrcetur3
1487 2810 1545 2845 nam
1557 2795 1692 2845 consultus
1701 2807 1717 2840 a
1727 2791 1878 2851 quibusdam

1038 2869 1203 2917 Praesidibus
1220 2867 1415 2929 provintiarum
1426 2863 1458 2911 de
1472 2863 1506 2909 iis
1516 2862 1616 2924 servis,
1636 2861 1680 2920 qui
1691 2860 1724 2907 sd
1735 2859 1824 2908 aedem
1834 2871 1877 2905 ss-

1038 2949 1109 2985 crsm
1119 2936 1161 2985 rei
1174 2936 1205 2983 ad
1216 2938 1316 2982 sumas
1327 2932 1474 2993 principum
1486 2929 1654 2989 confugiunt,
1672 2927 1820 2989 praecepit,
1836 2926 1877 2989 ut,

1037 3003 1060 3049 si
1084 3001 1263 3051 intoiersbiiis
1283 3000 1405 3048 siiestur
1419 2997 1584 3047 domium-mu
1598 2994 1727 3059 saevitia,
1748 2994 1877 3055 cogantur

1038 3082 1128 3116 servos
1138 3070 1215 3117 isonis
1226 3067 1420 3115 conditionibus
1432 3065 1564 3112 rendere.
1584 3067 1613 3109 ut
1632 3060 1746 3121 pretium
1762 3056 1876 3106 dominii

1038 3136 1152 3184 daretur.
1184 3136 1219 3183 ist
1230 3138 1315 3191 reetc;
1334 3132 1441 3193 expedit
1451 3131 1522 3178 enirn
1532 3126 1703 3188 reipublicae,
1714 3141 1749 3175 ne
1760 3124 1818 3182 quis
1829 3136 1877 3169 sua

1036 3216 1065 3249 re
1081 3204 1149 3250 maie
1166 3204 1264 3248 utatur.
1296 3200 1377 3245 Cuius
1397 3197 1519 3256 rescripti
1540 3196 1573 3242 ad
1593 3194 1694 3240 toltum
1714 3191 1875 3238 Marciauum

1036 3269 1123 3316 emissi
1135 3268 1215 3314 verba
1226 3269 1286 3312 sunt
1296 3266 1373 3315 isaeo:
1393 3265 1560 3310 Domisorscm
1576 3261 1674 3321 qas‘dcss
1680 3263 1838 3318 potestatem
1849 3258 1875 3301 s'is

1035 3349 1124 3383 tereos
1138 3347 1198 3382 suos
1215 3333 1343 3381 thess
1358 3343 1413 3377 esse
1428 3334 1545 3388 oportet,
1565 3339 1611 3372 nce
1620 3327 1739 3385 cuiquam
1748 3321 1876 3369 lsosetsesa

1034 3404 1075 3450 isa
1091 3415 1163 3450 musa
1178 3398 1298 3456 detrahi,
1318 3398 1364 3445 acri
1378 3397 1534 3444 dominor-uss
1552 3394 1677 3447 intereat,
1698 3403 1729 3435 ss
1747 3388 1876 3435 nemnem

1035 3475 1128 3517 eostre
1138 3469 1287 3520 saevitiem,
1297 3464 1450 3527 salsensem,
1456 3461 1498 3507 eei
1506 3458 1692 3506 intolerabitess
1702 3456 1824 3502 intestam
1833 3453 1874 3500 eie·

1035 3543 1142 3597 negetur
1158 3536 1206 3590 iis,
1226 3533 1350 3594 petissio
1367 3530 1549 3589 deprecantur.
1580 3524 1692 3584 Ideoque
1707 3534 1828 3582 cognosce
1845 3521 1876 3565 de

1035 3603 1146 3664 querelis
1157 3612 1254 3655 muas,
1265 3600 1309 3659 pat
1318 3595 1466 3661 exjustitia
1477 3592 1540 3639 lutet
1549 3589 1641 3638 moses
1650 3590 1687 3636 oei
1695 3594 1875 3635 asaseesscos-

1029 3671 1167 3734 firges-emt,
1177 3673 1204 3713 et
1215 3667 1239 3713 ae·
1248 3667 1291 3711 cei
1298 3664 1389 3710 darius
1398 3661 1510 3715 habitos,
1521 3672 1598 3719 puers
1608 3668 1716 3717 nequest
1727 3661 1776 3713 est,
1788 3653 1830 3701 sei
1839 3654 1875 3698 ia-

1029 3736 1103 3799 soso·
1110 3735 1206 3781 s'aiscsio
1218 3732 1331 3794 effectos
1341 3728 1489 3790 cognoveris
1498 3756 1506 3781 ,
1516 3724 1671 3771 commeari
1678 3721 1735 3768 iste
1740 3751 1749 3777 ,
1760 3722 1800 3766 s‘ta
1810 3725 1839 3765 est
1848 3719 1875 3765 iss

1031 3806 1188 3863 potestatem
1203 3799 1298 3844 demisse·
1306 3810 1356 3842 noa
1367 3798 1544 3841 reuertentur.
1582 3792 1633 3849 Qui
1641 3790 1664 3836 si
1672 3800 1744 3834 aseae
1754 3788 1875 3834 constitn-

1036 3869 1101 3915 ttoss'
1109 3864 1356 3938 flasdmscesrtt,
1375 3864 1439 3911 seret
1449 3873 1487 3906 sse
1497 3858 1635 3908 edmarum
1646 3855 1760 3903 seeers'sa
1770 3864 1875 3901 essece-

1035 3942 1138 4031 teram*

1364 4025 1454 4093 ΤΙΤ.
1481 4022 1541 4089 iX.

1205 4114 1259 4165 stu
1276 4112 1428 4162 esrum
1447 4103 1700 4156 rovusrare.

1089 4203 1120 4253 sn
1136 4203 1269 4263 potestate
1286 4197 1379 4245 nostra
1395 4196 1457 4241 suet
1472 4191 1548 4240 liberi
1560 4189 1654 4251 nostri,
1672 4194 1784 4246 qooses
1798 4181 1875 4231 iustis

1037 4270 1137 4330 nuptiis
1154 4265 1358 4330 procreavimus.
1397 4263 1422 4321 d.
1441 4263 1463 4309 l.
1486 4256 1601 4318 Nuptiae
1616 4260 1703 4304 autern
1718 4254 1773 4300 aive
1784 4249 1875 4298 matri·

1037 4337 1152 4385 monium
1160 4338 1202 4387 eat
1217 4333 1308 4381 viriet
1319 4328 1437 4378 mulieris
1448 4324 1616 4386 coniunctio,
1633 4320 1793 4369 individuam
1805 4317 1876 4362 ritae

1037 4405 1253 4453 consuetudinem
1275 4398 1423 4448 continens.
1463 4395 1486 4452 1.
1504 4396 1528 4439 2.
1556 4393 1598 4437 ius
1616 4392 1705 4436 autem
1726 4380 1876 4446 potestatis,

1038 4474 1107 4532 quod
1117 4472 1144 4518 in
1155 4468 1388 4527 iiberoababemus,
1397 4460 1530 4523 proprium
1542 4468 1582 4506 est
1593 4455 1875 4521 cisiumiiomsnornm.

1038 4539 1111 4588 Nuiii
1123 4538 1191 4595 enim
1202 4536 1248 4584 aiii
1259 4537 1319 4583 sunt
1330 4531 1462 4591 homines,
1478 4526 1521 4585 qui
1532 4525 1610 4572 talem
1620 4522 1648 4569 in
1660 4521 1757 4568 iiberos
1766 4516 1877 4563 habeant

1038 4609 1210 4668 potestatem,
1226 4603 1328 4662 quatem
1341 4612 1391 4655 nos
1405 4597 1535 4651 habmnm.
1570 4592 1593 4652 p.
1606 4591 1631 4637 b.
1654 4586 1704 4640 itui
1714 4584 1796 4645 igitur
1805 4594 1840 4662 en
1851 4584 1878 4629 te

1040 4679 1067 4735 et
1084 4688 1170 4727 uxore
1189 4669 1373 4729 tuansscitur‚
1395 4665 1422 4711 iu
1434 4669 1479 4711 tua
1490 4660 1620 4722 potestate
1631 4657 1680 4704 est.
1712 4655 1777 4701 item
1789 4663 1830 4708 qna
1843 4658 1875 4697 ex

1039 4742 1095 4791 iiiio
1107 4745 1152 4788 tuo
1161 4744 1192 4793 ,et
1201 4751 1287 4788 uxore
1299 4730 1477 4782 eiususscitur
1494 4729 1520 4776 isi
1530 4731 1569 4774 eat
1579 4733 1661 4782 nepos
1672 4724 1732 4767 tuus
1743 4721 1769 4765 et
1780 4716 1875 4778 neptia,

1040 4823 1119 4868 aeque
1131 4808 1158 4854 iu
1170 4810 1215 4854 tus
1225 4806 1286 4851 aunt
1295 4802 1441 4865 potestate,
1458 4764 1486 4845 ei
1501 4803 1632 4867 pronepos
1642 4793 1669 4836 et
1679 4785 1828 4848 proneptis,
1850 4784 1877 4829 et
1932 4846 1935 4857 s

1040 4877 1163 4934 deinceps
1179 4871 1270 4921 aeteri.
1303 4868 1354 4923 uus
1371 4871 1458 4913 tamen
1474 4876 1505 4910 cx
1522 4860 1578 4908 iiiia
1587 4863 1633 4911 tua
1643 4855 1761 4905 nascitur
1767 4886 1776 4917 ,
1794 4852 1879 4898 iuius

1038 4945 1171 5013 potestate
1181 4952 1237 4998 oon
1247 4938 1297 5002 eat,
1307 4936 1351 4989 sed
1361 4934 1389 4981 in
1400 4929 1484 4992 patria
1494 4927 1559 4974 eius.

1378 5027 1472 5100 ΤΙΤ.
1493 5024 1536 5091 x,

1327 5116 1381 5167 uu
1405 5107 1586 5161 uurrsra.

1093 5205 1177 5253 instes
1187 5199 1386 5260 autemnuptias
1399 5196 1470 5251 ivnier
1480 5207 1508 5244 se
1517 5193 1587 5241 cives
1595 5184 1704 5239 bomani
1713 5179 1880 5264 contrahunt,

1041 5272 1084 5331 qui
1101 5272 1239 5318 secundum
1255 5269 1394 5329 praecepta
1413 5264 1500 5324 iegum
1517 5261 1632 5317 coium,
1653 5250 1760 5301 mucuis
1779 5248 1881 5328 quidem

1041 5340 1169 5401 puberes,
1188 5330 1300 5389 feminae
1311 5336 1396 5386 autern
1408 5329 1595 5389 viripotentes,
1612 5320 1668 5367 sive
1679 5312 1881 5379 patresfamibea

1042 5409 1104 5457 sint.
1116 5405 1171 5451 aive
1180 5401 1351 5462 iiiiiiemilies,
1359 5400 1418 5445 sium
1429 5400 1524 5455 tamen,
1535 5391 1558 5438 si
1569 5385 1732 5439 biiiiamiiias
1743 5381 1806 5445 sint,
1818 5390 1880 5459 cou-
1907 5388 1912 5401 “

1042 5487 1146 5521 sensnm
1156 5472 1266 5517 habeant
1277 5471 1423 5527 parentum,
1433 5472 1543 5520 quorum
1554 5457 1582 5503 in
1591 5455 1723 5515 potestate
1733 5451 1804 5495 suut.
1815 5446 1881 5495 Nam

1040 5543 1091 5588 boc
1101 5537 1158 5586 fleri
1171 5538 1263 5584 debere
1270 5538 1300 5583 et
1311 5531 1398 5579 eiriiis
1409 5535 1435 5576 et
1446 5524 1574 5575 naturalia
1584 5521 1655 5570 ratio
1666 5517 1770 5578 suadet,
1781 5514 1810 5561 in
1822 5517 1880 5559 tan-

1043 5613 1097 5654 tum
1115 5610 1143 5650 ut
1151 5603 1239 5651 iussus
1250 5602 1385 5660 parentum
1397 5593 1551 5656 praecedere
1563 5590 1662 5638 debeat.
1692 5583 1767 5663 Unde
1777 5577 1880 5637 quaesi-

1043 5678 1096 5721 tum
1114 5676 1167 5719 est:
1190 5684 1221 5716 on
1235 5667 1328 5716 furiosi
1339 5665 1395 5713 iiiia
1406 5664 1518 5722 nubere,
1539 5671 1571 5705 ao
1583 5654 1678 5703 iuriosi
1690 5652 1760 5699 bians
1769 5656 1880 5693 uxorem

1043 5742 1136 5787 ducere
1156 5737 1257 5798 possiti
1284 5735 1418 5789 Quumque
1439 5739 1516 5788 super
1530 5725 1587 5773 iilio
1603 5720 1767 5775 variabatur,
1787 5712 1881 5758 nostra

1043 5805 1171 5867 processit
1182 5802 1295 5863 decisio,
1316 5810 1364 5858 qua
1375 5796 1525 5909 permirum
1537 5794 1591 5856 est,
1613 5786 1645 5837 asi
1654 5780 1801 5841 exemplum
1809 5776 1880 5825 diiae
