<?xml version="1.0" encoding="UTF-8"?>
<!DOCTYPE html PUBLIC "-//W3C//DTD XHTML 1.0 Transitional//EN"
    "http://www.w3.org/TR/xhtml1/DTD/xhtml1-transitional.dtd">
<html xmlns="http://www.w3.org/1999/xhtml" xml:lang="en" lang="en">
 <head>
  <title>
</title>
<meta http-equiv="Content-Type" content="text/html;charset=utf-8" />
  <meta name='ocr-system' content='tesseract 3.04.00' />
  <meta name='ocr-capabilities' content='ocr_page ocr_carea ocr_par ocr_line ocrx_word'/>
</head>
<body>
  <div class='ocr_page' id='page_1' title='image "./corpusiuriscivi00beckgoog/corpusiuriscivi00beckgoog_0754.png"; bbox 0 0 4328 6418; ppageno 0'>
   <div class='ocr_carea' id='block_1_1' title="bbox 322 345 1840 435">
    <p class='ocr_par' dir='ltr' id='par_1_1' title="bbox 322 345 1840 435">
     <span class='ocr_line' id='line_1_1' title="bbox 322 345 1840 435; baseline 0.005 -30"><span class='ocrx_word' id='word_1_1' title='bbox 322 348 413 435; x_wconf 67' lang='lat' dir='ltr'><strong>prm</strong></span> <span class='ocrx_word' id='word_1_2' title='bbox 441 345 556 406; x_wconf 80' lang='lat' dir='ltr'>XLIX.</span> <span class='ocrx_word' id='word_1_3' title='bbox 582 347 609 405; x_wconf 81' lang='grc'><strong>3.</strong></span> <span class='ocrx_word' id='word_1_4' title='bbox 635 349 662 404; x_wconf 87' lang='grc' dir='ltr'><strong>ι.</strong></span> <span class='ocrx_word' id='word_1_5' title='bbox 690 346 717 405; x_wconf 83' lang='lat' dir='ltr'><strong>b.</strong></span> <span class='ocrx_word' id='word_1_6' title='bbox 761 350 819 407; x_wconf 79' lang='lat' dir='ltr'><strong>DE</strong></span> <span class='ocrx_word' id='word_1_7' title='bbox 853 347 1030 408; x_wconf 69' lang='lat' dir='ltr'><strong>serata</strong></span> <span class='ocrx_word' id='word_1_8' title='bbox 1065 349 1353 411; x_wconf 75' lang='lat' dir='ltr'>RECIPIENDIS</span> <span class='ocrx_word' id='word_1_9' title='bbox 1389 355 1476 413; x_wconf 78' lang='lat' dir='ltr'><strong>VEL</strong></span> <span class='ocrx_word' id='word_1_10' title='bbox 1510 356 1606 414; x_wconf 68' lang='lat' dir='ltr'><strong>NON,</strong></span> <span class='ocrx_word' id='word_1_11' title='bbox 1788 355 1840 414; x_wconf 71' lang='grc'><strong>739</strong></span> 
     </span>
    </p>
   </div>
   <div class='ocr_carea' id='block_1_2' title="bbox 66 490 1941 5308">
    <p class='ocr_par' dir='ltr' id='par_1_2' title="bbox 66 490 1941 1240">
     <span class='ocr_line' id='line_1_2' title="bbox 342 490 1840 565; baseline -0.002 -12"><span class='ocrx_word' id='word_1_12' title='bbox 342 506 344 510; x_wconf 88' lang='grc'><strong>’</strong></span> <span class='ocrx_word' id='word_1_13' title='bbox 443 491 491 553; x_wconf 87' lang='lat' dir='ltr'><strong>TI</strong></span> <span class='ocrx_word' id='word_1_14' title='bbox 500 491 537 552; x_wconf 89' lang='grc' dir='ltr'><strong>Τ.</strong></span> <span class='ocrx_word' id='word_1_15' title='bbox 556 490 621 553; x_wconf 85' lang='lat' dir='ltr'><strong>HI.</strong></span> <span class='ocrx_word' id='word_1_16' title='bbox 991 495 1190 546; x_wconf 78' lang='lat' dir='ltr'><strong>subveniendum</strong></span> <span class='ocrx_word' id='word_1_17' title='bbox 1201 499 1250 546; x_wconf 91' lang='lat' dir='ltr'><strong>est.</strong></span> <span class='ocrx_word' id='word_1_18' title='bbox 1285 500 1309 559; x_wconf 68' lang='grc' dir='ltr'><strong>ι.</strong></span> <span class='ocrx_word' id='word_1_19' title='bbox 1321 501 1344 547; x_wconf 80' lang='grc' dir='ltr'><strong>ι.</strong></span> <span class='ocrx_word' id='word_1_20' title='bbox 1355 499 1424 554; x_wconf 74' lang='lat' dir='ltr'><strong>Quid</strong></span> <span class='ocrx_word' id='word_1_21' title='bbox 1435 499 1524 565; x_wconf 82' lang='lat' dir='ltr'><strong>igitur,</strong></span> <span class='ocrx_word' id='word_1_22' title='bbox 1546 498 1568 547; x_wconf 90' lang='lat' dir='ltr'><strong>sl</strong></span> <span class='ocrx_word' id='word_1_23' title='bbox 1579 498 1697 550; x_wconf 85' lang='lat' dir='ltr'><strong>condltlo</strong></span> <span class='ocrx_word' id='word_1_24' title='bbox 1707 498 1788 549; x_wconf 83' lang='lat' dir='ltr'><strong>borae</strong></span> <span class='ocrx_word' id='word_1_25' title='bbox 1800 501 1840 550; x_wconf 86' lang='lat' dir='ltr'><strong>el·</strong></span> 
     </span>
     <span class='ocr_line' id='line_1_3' title="bbox 214 564 1840 696; baseline 0.002 -15"><span class='ocrx_word' id='word_1_26' title='bbox 214 593 268 653; x_wconf 87' lang='grc' dir='ltr'><strong>Η</strong></span> <span class='ocrx_word' id='word_1_27' title='bbox 281 594 320 642; x_wconf 85' lang='grc' dir='ltr'><strong>ΑΑ</strong></span> <span class='ocrx_word' id='word_1_28' title='bbox 354 595 376 640; x_wconf 90' lang='grc' dir='ltr'><strong>Α</strong></span> <span class='ocrx_word' id='word_1_29' title='bbox 411 594 506 652; x_wconf 85' lang='grc' dir='ltr'><strong>ΑΗ</strong></span> <span class='ocrx_word' id='word_1_30' title='bbox 533 591 852 643; x_wconf 57' lang='grc' dir='ltr'><strong>ΠΠΗΑΗΕ</strong></span> <span class='ocrx_word' id='word_1_31' title='bbox 990 564 1840 696; x_wconf 63' lang='grc' dir='ltr'>ιιιιιιιιςιιι,ιιιῑιιιιτῑιιι·ιιι·</span> 
     </span>
     <span class='ocr_line' id='line_1_4' title="bbox 166 696 1838 766; baseline 0.005 -21"><span class='ocrx_word' id='word_1_32' title='bbox 166 699 184 745; x_wconf 90' lang='lat' dir='ltr'><strong>l.</strong></span> <span class='ocrx_word' id='word_1_33' title='bbox 202 700 371 759; x_wconf 77' lang='lat' dir='ltr'><strong>Ulpianus</strong></span> <span class='ocrx_word' id='word_1_34' title='bbox 381 697 449 745; x_wconf 80' lang='lat' dir='ltr'><strong>libro</strong></span> <span class='ocrx_word' id='word_1_35' title='bbox 459 696 482 743; x_wconf 84' lang='lat'><strong>1.</strong></span> <span class='ocrx_word' id='word_1_36' title='bbox 493 696 525 743; x_wconf 82' lang='lat' dir='ltr'><strong>ds</strong></span> <span class='ocrx_word' id='word_1_37' title='bbox 534 696 769 758; x_wconf 76' lang='lat' dir='ltr'><strong>Appettastoatles.</strong></span> <span class='ocrx_word' id='word_1_38' title='bbox 803 699 879 756; x_wconf 76' lang='lat' dir='ltr'><strong>Quod</strong></span> <span class='ocrx_word' id='word_1_39' title='bbox 890 698 955 745; x_wconf 86' lang='lat' dir='ltr'><strong>dici·</strong></span> <span class='ocrx_word' id='word_1_40' title='bbox 990 700 1069 747; x_wconf 87' lang='lat' dir='ltr'><strong>cundl</strong></span> <span class='ocrx_word' id='word_1_41' title='bbox 1080 706 1166 749; x_wconf 89' lang='lat' dir='ltr'><strong>autem</strong></span> <span class='ocrx_word' id='word_1_42' title='bbox 1175 703 1324 749; x_wconf 77' lang='lat' dir='ltr'><strong>facultatem</strong></span> <span class='ocrx_word' id='word_1_43' title='bbox 1335 716 1435 763; x_wconf 86' lang='lat' dir='ltr'><strong>semper</strong></span> <span class='ocrx_word' id='word_1_44' title='bbox 1445 704 1592 766; x_wconf 83' lang='lat' dir='ltr'><strong>accipimus,</strong></span> <span class='ocrx_word' id='word_1_45' title='bbox 1610 704 1633 750; x_wconf 90' lang='lat' dir='ltr'><strong>ai</strong></span> <span class='ocrx_word' id='word_1_46' title='bbox 1645 703 1671 749; x_wconf 93' lang='lat' dir='ltr'><strong>in</strong></span> <span class='ocrx_word' id='word_1_47' title='bbox 1682 702 1785 763; x_wconf 91' lang='lat' dir='ltr'><strong>publico</strong></span> <span class='ocrx_word' id='word_1_48' title='bbox 1795 704 1838 753; x_wconf 90' lang='lat' dir='ltr'><strong>sui</strong></span> 
     </span>
     <span class='ocr_line' id='line_1_5' title="bbox 122 763 1838 831; baseline 0.003 -17"><span class='ocrx_word' id='word_1_49' title='bbox 122 767 170 814; x_wconf 83' lang='lat' dir='ltr'><strong>tur:</strong></span> <span class='ocrx_word' id='word_1_50' title='bbox 188 780 241 815; x_wconf 87' lang='lat' dir='ltr'><strong>curn</strong></span> <span class='ocrx_word' id='word_1_51' title='bbox 252 765 389 826; x_wconf 89' lang='lat' dir='ltr'><strong>appellari,</strong></span> <span class='ocrx_word' id='word_1_52' title='bbox 401 765 444 823; x_wconf 91' lang='lat' dir='ltr'><strong>qui</strong></span> <span class='ocrx_word' id='word_1_53' title='bbox 456 763 527 811; x_wconf 82' lang='lat' dir='ltr'><strong>dedit</strong></span> <span class='ocrx_word' id='word_1_54' title='bbox 537 764 657 827; x_wconf 90' lang='lat' dir='ltr'><strong>iudicem,</strong></span> <span class='ocrx_word' id='word_1_55' title='bbox 669 765 707 813; x_wconf 91' lang='lat' dir='ltr'><strong>sic</strong></span> <span class='ocrx_word' id='word_1_56' title='bbox 716 764 893 824; x_wconf 89' lang='lat' dir='ltr'><strong>accipiendum</strong></span> <span class='ocrx_word' id='word_1_57' title='bbox 905 771 954 829; x_wconf 89' lang='lat' dir='ltr'><strong>est,</strong></span> <span class='ocrx_word' id='word_1_58' title='bbox 990 768 1091 827; x_wconf 91' lang='lat' dir='ltr'><strong>copiam</strong></span> <span class='ocrx_word' id='word_1_59' title='bbox 1101 770 1182 830; x_wconf 72' lang='lat' dir='ltr'><strong>tecit,</strong></span> <span class='ocrx_word' id='word_1_60' title='bbox 1202 774 1315 817; x_wconf 90' lang='lat' dir='ltr'><strong>ceterum</strong></span> <span class='ocrx_word' id='word_1_61' title='bbox 1326 770 1348 816; x_wconf 91' lang='lat' dir='ltr'><strong>si</strong></span> <span class='ocrx_word' id='word_1_62' title='bbox 1361 784 1414 818; x_wconf 90' lang='lat' dir='ltr'><strong>non</strong></span> <span class='ocrx_word' id='word_1_63' title='bbox 1427 773 1532 831; x_wconf 86' lang='lat' dir='ltr'><strong>lecerit,</strong></span> <span class='ocrx_word' id='word_1_64' title='bbox 1553 784 1587 819; x_wconf 90' lang='lat' dir='ltr'><strong>an</strong></span> <span class='ocrx_word' id='word_1_65' title='bbox 1597 771 1738 830; x_wconf 88' lang='lat' dir='ltr'><strong>imputetur</strong></span> <span class='ocrx_word' id='word_1_66' title='bbox 1748 772 1838 831; x_wconf 89' lang='lat' dir='ltr'><strong>alicui,</strong></span> 
     </span>
     <span class='ocr_line' id='line_1_6' title="bbox 121 831 1838 902; baseline 0.003 -20"><span class='ocrx_word' id='word_1_67' title='bbox 121 838 147 881; x_wconf 88' lang='lat' dir='ltr'><strong>ut</strong></span> <span class='ocrx_word' id='word_1_68' title='bbox 158 836 181 881; x_wconf 92' lang='lat' dir='ltr'><strong>ct</strong></span> <span class='ocrx_word' id='word_1_69' title='bbox 191 847 322 882; x_wconf 89' lang='lat' dir='ltr'><strong>successor</strong></span> <span class='ocrx_word' id='word_1_70' title='bbox 340 833 403 880; x_wconf 56' lang='lat' dir='ltr'><strong>eius*</strong></span> <span class='ocrx_word' id='word_1_71' title='bbox 416 832 498 891; x_wconf 92' lang='lat' dir='ltr'><strong>possit</strong></span> <span class='ocrx_word' id='word_1_72' title='bbox 508 831 644 891; x_wconf 88' lang='lat' dir='ltr'><strong>appellari.</strong></span> <span class='ocrx_word' id='word_1_73' title='bbox 679 832 793 881; x_wconf 81' lang='lat' dir='ltr'><strong>Proinde</strong></span> <span class='ocrx_word' id='word_1_74' title='bbox 805 833 863 880; x_wconf 89' lang='lat' dir='ltr'><strong>etsi</strong></span> <span class='ocrx_word' id='word_1_75' title='bbox 876 834 954 882; x_wconf 86' lang='lat' dir='ltr'><strong>l&#39;rae-</strong></span> <span class='ocrx_word' id='word_1_76' title='bbox 990 836 1057 896; x_wconf 88' lang='lat' dir='ltr'><strong>quod</strong></span> <span class='ocrx_word' id='word_1_77' title='bbox 1068 836 1100 882; x_wconf 89' lang='lat' dir='ltr'><strong>ad</strong></span> <span class='ocrx_word' id='word_1_78' title='bbox 1111 837 1213 883; x_wconf 80' lang='lat' dir='ltr'><strong>clunium</strong></span> <span class='ocrx_word' id='word_1_79' title='bbox 1231 839 1287 885; x_wconf 90' lang='lat' dir='ltr'><strong>cius</strong></span> <span class='ocrx_word' id='word_1_80' title='bbox 1306 851 1359 884; x_wconf 91' lang='lat' dir='ltr'><strong>non</strong></span> <span class='ocrx_word' id='word_1_81' title='bbox 1377 839 1493 902; x_wconf 86' lang='lat' dir='ltr'><strong>s·encrit‚</strong></span> <span class='ocrx_word' id='word_1_82' title='bbox 1511 841 1629 900; x_wconf 82' lang='lat' dir='ltr'><strong>quodque</strong></span> <span class='ocrx_word' id='word_1_83' title='bbox 1643 839 1671 885; x_wconf 91' lang='lat' dir='ltr'><strong>in</strong></span> <span class='ocrx_word' id='word_1_84' title='bbox 1682 840 1772 886; x_wconf 82' lang='lat' dir='ltr'><strong>hortos</strong></span> <span class='ocrx_word' id='word_1_85' title='bbox 1783 853 1838 888; x_wconf 89' lang='lat' dir='ltr'><strong>non</strong></span> 
     </span>
     <span class='ocr_line' id='line_1_7' title="bbox 120 899 1941 968; baseline 0 -17"><span class='ocrx_word' id='word_1_86' title='bbox 120 904 193 951; x_wconf 87' lang='lat' dir='ltr'><strong>tectus</strong></span> <span class='ocrx_word' id='word_1_87' title='bbox 202 904 259 950; x_wconf 89' lang='lat' dir='ltr'><strong>urbi</strong></span> <span class='ocrx_word' id='word_1_88' title='bbox 270 901 381 950; x_wconf 88' lang='lat' dir='ltr'><strong>iudicem</strong></span> <span class='ocrx_word' id='word_1_89' title='bbox 391 900 490 947; x_wconf 75' lang='lat' dir='ltr'>dederit</span> <span class='ocrx_word' id='word_1_90' title='bbox 509 901 549 947; x_wconf 84' lang='lat' dir='ltr'><strong>rel</strong></span> <span class='ocrx_word' id='word_1_91' title='bbox 561 899 709 965; x_wconf 83' lang='lat' dir='ltr'><strong>praetorio,</strong></span> <span class='ocrx_word' id='word_1_92' title='bbox 730 900 786 960; x_wconf 89' lang='lat' dir='ltr'><strong>ipse</strong></span> <span class='ocrx_word' id='word_1_93' title='bbox 796 900 848 948; x_wconf 89' lang='lat' dir='ltr'><strong>erit</strong></span> <span class='ocrx_word' id='word_1_94' title='bbox 858 915 955 961; x_wconf 88' lang='lat' dir='ltr'><strong>provo·</strong></span> <span class='ocrx_word' id='word_1_95' title='bbox 990 905 1137 966; x_wconf 88' lang='lat' dir='ltr'><strong>accesserit,</strong></span> <span class='ocrx_word' id='word_1_96' title='bbox 1150 909 1176 951; x_wconf 91' lang='lat' dir='ltr'><strong>et</strong></span> <span class='ocrx_word' id='word_1_97' title='bbox 1187 905 1307 967; x_wconf 89' lang='lat' dir='ltr'><strong>ulterius,</strong></span> <span class='ocrx_word' id='word_1_98' title='bbox 1318 907 1386 965; x_wconf 87' lang='lat' dir='ltr'><strong>quod</strong></span> <span class='ocrx_word' id='word_1_99' title='bbox 1396 907 1428 953; x_wconf 88' lang='lat' dir='ltr'><strong>ad</strong></span> <span class='ocrx_word' id='word_1_100' title='bbox 1439 908 1528 955; x_wconf 87' lang='lat' dir='ltr'><strong>villam</strong></span> <span class='ocrx_word' id='word_1_101' title='bbox 1539 909 1728 955; x_wconf 85' lang='lat' dir='ltr'><strong>suburbanamt</strong></span> <span class='ocrx_word' id='word_1_102' title='bbox 1738 909 1838 968; x_wconf 75' lang='lat' dir='ltr'><strong>Magis.</strong></span> <span class='ocrx_word' id='word_1_103' title='bbox 1937 924 1941 931; x_wconf 95' lang='lat'>·</span> 
     </span>
     <span class='ocr_line' id='line_1_8' title="bbox 120 966 1836 1035; baseline 0.003 -17"><span class='ocrx_word' id='word_1_104' title='bbox 120 971 211 1033; x_wconf 89' lang='lat' dir='ltr'><strong>candus,</strong></span> <span class='ocrx_word' id='word_1_105' title='bbox 231 971 275 1029; x_wconf 83' lang='lat' dir='ltr'><strong>qui</strong></span> <span class='ocrx_word' id='word_1_106' title='bbox 295 982 354 1018; x_wconf 82' lang='lat' dir='ltr'><strong>eum</strong></span> <span class='ocrx_word' id='word_1_107' title='bbox 371 967 471 1021; x_wconf 77' lang='lat' dir='ltr'><strong>dederit</strong></span> <span class='ocrx_word' id='word_1_108' title='bbox 489 966 608 1015; x_wconf 88' lang='lat' dir='ltr'><strong>iudicem.</strong></span> <span class='ocrx_word' id='word_1_109' title='bbox 643 969 667 1028; x_wconf 66' lang='grc' dir='ltr'>ι.</span> <span class='ocrx_word' id='word_1_110' title='bbox 681 971 703 1015; x_wconf 90' lang='grc'><strong>1.</strong></span> <span class='ocrx_word' id='word_1_111' title='bbox 724 969 763 1014; x_wconf 78' lang='grc' dir='ltr'><strong>ιιι</strong></span> <span class='ocrx_word' id='word_1_112' title='bbox 774 982 822 1032; x_wconf 89' lang='lat' dir='ltr'><strong>eo,</strong></span> <span class='ocrx_word' id='word_1_113' title='bbox 844 969 886 1015; x_wconf 91' lang='lat' dir='ltr'><strong>cui</strong></span> <span class='ocrx_word' id='word_1_114' title='bbox 897 970 955 1026; x_wconf 81' lang='lat' dir='ltr'><strong>quis</strong></span> <span class='ocrx_word' id='word_1_115' title='bbox 990 975 1102 1032; x_wconf 84' lang='lat' dir='ltr'><strong>quaest,</strong></span> <span class='ocrx_word' id='word_1_116' title='bbox 1122 977 1214 1019; x_wconf 92' lang='lat' dir='ltr'><strong>utnon</strong></span> <span class='ocrx_word' id='word_1_117' title='bbox 1229 972 1320 1020; x_wconf 84' lang='lat' dir='ltr'><strong>debeat</strong></span> <span class='ocrx_word' id='word_1_118' title='bbox 1338 975 1475 1035; x_wconf 70' lang='lat' dir='ltr'><strong>imputari,</strong></span> <span class='ocrx_word' id='word_1_119' title='bbox 1495 989 1574 1034; x_wconf 83' lang='lat' dir='ltr'><strong>quare</strong></span> <span class='ocrx_word' id='word_1_120' title='bbox 1590 975 1612 1023; x_wconf 91' lang='lat' dir='ltr'><strong>si</strong></span> <span class='ocrx_word' id='word_1_121' title='bbox 1624 976 1652 1022; x_wconf 90' lang='lat' dir='ltr'><strong>in</strong></span> <span class='ocrx_word' id='word_1_122' title='bbox 1663 975 1768 1034; x_wconf 86' lang='lat' dir='ltr'><strong>publico</strong></span> <span class='ocrx_word' id='word_1_123' title='bbox 1779 975 1836 1023; x_wconf 89' lang='lat' dir='ltr'><strong>eius</strong></span> 
     </span>
     <span class='ocr_line' id='line_1_9' title="bbox 118 1035 1837 1105; baseline 0.002 -17"><span class='ocrx_word' id='word_1_124' title='bbox 118 1039 238 1088; x_wconf 84' lang='lat' dir='ltr'><strong>mandarit</strong></span> <span class='ocrx_word' id='word_1_125' title='bbox 248 1036 453 1086; x_wconf 89' lang='lat' dir='ltr'><strong>iurisdictionem</strong></span> <span class='ocrx_word' id='word_1_126' title='bbox 459 1069 468 1093; x_wconf 93' lang='lat'><strong>,</strong></span> <span class='ocrx_word' id='word_1_127' title='bbox 491 1048 545 1082; x_wconf 89' lang='lat' dir='ltr'><strong>non</strong></span> <span class='ocrx_word' id='word_1_128' title='bbox 556 1035 612 1095; x_wconf 90' lang='lat' dir='ltr'><strong>ipse</strong></span> <span class='ocrx_word' id='word_1_129' title='bbox 623 1036 820 1096; x_wconf 80' lang='lat' dir='ltr'><strong>provocabitur3</strong></span> <span class='ocrx_word' id='word_1_130' title='bbox 841 1049 898 1085; x_wconf 90' lang='lat' dir='ltr'><strong>nam</strong></span> <span class='ocrx_word' id='word_1_131' title='bbox 910 1050 955 1097; x_wconf 75' lang='lat' dir='ltr'><strong>ge·</strong></span> <span class='ocrx_word' id='word_1_132' title='bbox 989 1039 1100 1084; x_wconf 88' lang='lat' dir='ltr'><strong>adeundi</strong></span> <span class='ocrx_word' id='word_1_133' title='bbox 1112 1040 1220 1086; x_wconf 85' lang='lat' dir='ltr'><strong>lacultaa</strong></span> <span class='ocrx_word' id='word_1_134' title='bbox 1232 1053 1284 1086; x_wconf 93' lang='lat' dir='ltr'><strong>non</strong></span> <span class='ocrx_word' id='word_1_135' title='bbox 1296 1042 1360 1103; x_wconf 84' lang='lat' dir='ltr'><strong>luit,</strong></span> <span class='ocrx_word' id='word_1_136' title='bbox 1382 1041 1474 1089; x_wconf 89' lang='lat' dir='ltr'><strong>melius</strong></span> <span class='ocrx_word' id='word_1_137' title='bbox 1485 1043 1602 1105; x_wconf 89' lang='lat' dir='ltr'><strong>dicetur,</strong></span> <span class='ocrx_word' id='word_1_138' title='bbox 1623 1043 1771 1091; x_wconf 74' lang='lat' dir='ltr'><strong>neutralem</strong></span> <span class='ocrx_word' id='word_1_139' title='bbox 1781 1057 1837 1092; x_wconf 90' lang='lat' dir='ltr'><strong>non</strong></span> 
     </span>
     <span class='ocr_line' id='line_1_10' title="bbox 66 1102 1864 1174; baseline 0.004 -21"><span class='ocrx_word' id='word_1_140' title='bbox 66 1152 71 1162; x_wconf 72' lang='grc'>,</span> <span class='ocrx_word' id='word_1_141' title='bbox 118 1103 620 1166; x_wconf 88' lang='lat' dir='ltr'><strong>ncralileriseritprovocandusabeo,</strong></span> <span class='ocrx_word' id='word_1_142' title='bbox 643 1103 955 1151; x_wconf 85' lang='lat' dir='ltr'><strong>cuimandataestiuris-</strong></span> <span class='ocrx_word' id='word_1_143' title='bbox 989 1106 1201 1154; x_wconf 84' lang='lat' dir='ltr'><strong>luisseasleundi.</strong></span> <span class='ocrx_word' id='word_1_144' title='bbox 1236 1110 1259 1169; x_wconf 65' lang='grc' dir='ltr'><strong>ς.</strong></span> <span class='ocrx_word' id='word_1_145' title='bbox 1273 1110 1311 1156; x_wconf 88' lang='lat' dir='ltr'><strong>ltl.</strong></span> <span class='ocrx_word' id='word_1_146' title='bbox 1324 1110 1350 1156; x_wconf 87' lang='lat' dir='ltr'><strong>Si</strong></span> <span class='ocrx_word' id='word_1_147' title='bbox 1363 1107 1420 1167; x_wconf 83' lang='lat' dir='ltr'><strong>quis</strong></span> <span class='ocrx_word' id='word_1_148' title='bbox 1432 1109 1513 1168; x_wconf 89' lang='lat' dir='ltr'><strong>ipsius</strong></span> <span class='ocrx_word' id='word_1_149' title='bbox 1524 1111 1640 1174; x_wconf 81' lang='lat' dir='ltr'><strong>quidem,</strong></span> <span class='ocrx_word' id='word_1_150' title='bbox 1660 1123 1736 1169; x_wconf 87' lang='lat' dir='ltr'><strong>aquo</strong></span> <span class='ocrx_word' id='word_1_151' title='bbox 1747 1102 1864 1170; x_wconf 63' lang='lat' dir='ltr'><strong>appel·-⁴</strong></span> 
     </span>
     <span class='ocr_line' id='line_1_11' title="bbox 119 1171 1852 1240; baseline 0.003 -18"><span class='ocrx_word' id='word_1_152' title='bbox 119 1174 198 1238; x_wconf 89' lang='lat' dir='ltr'><strong>dictio,</strong></span> <span class='ocrx_word' id='word_1_153' title='bbox 207 1174 249 1232; x_wconf 83' lang='lat' dir='ltr'><strong>qui</strong></span> <span class='ocrx_word' id='word_1_154' title='bbox 262 1172 532 1233; x_wconf 88' lang='lat' dir='ltr'><strong>provocarctnrabeo,</strong></span> <span class='ocrx_word' id='word_1_155' title='bbox 543 1171 587 1231; x_wconf 89' lang='lat' dir='ltr'><strong>qui</strong></span> <span class='ocrx_word' id='word_1_156' title='bbox 597 1171 728 1218; x_wconf 86' lang='lat' dir='ltr'><strong>mandavit</strong></span> <span class='ocrx_word' id='word_1_157' title='bbox 739 1171 954 1219; x_wconf 87' lang='lat' dir='ltr'><strong>iurisdictionem.</strong></span> <span class='ocrx_word' id='word_1_158' title='bbox 990 1172 1065 1236; x_wconf 90' lang='lat' dir='ltr'><strong>lavit,</strong></span> <span class='ocrx_word' id='word_1_159' title='bbox 1086 1175 1197 1222; x_wconf 83' lang='lat' dir='ltr'><strong>adeundi</strong></span> <span class='ocrx_word' id='word_1_160' title='bbox 1210 1175 1357 1224; x_wconf 78' lang='lat' dir='ltr'><strong>facultatem</strong></span> <span class='ocrx_word' id='word_1_161' title='bbox 1366 1189 1421 1223; x_wconf 88' lang='lat' dir='ltr'><strong>non</strong></span> <span class='ocrx_word' id='word_1_162' title='bbox 1431 1177 1558 1240; x_wconf 87' lang='lat' dir='ltr'><strong>lrabucrit,</strong></span> <span class='ocrx_word' id='word_1_163' title='bbox 1580 1179 1636 1226; x_wconf 89' lang='lat' dir='ltr'><strong>eius</strong></span> <span class='ocrx_word' id='word_1_164' title='bbox 1647 1183 1741 1240; x_wconf 88' lang='lat' dir='ltr'><strong>autem,</strong></span> <span class='ocrx_word' id='word_1_165' title='bbox 1762 1188 1852 1238; x_wconf 76' lang='lat' dir='ltr'><strong>quem,</strong></span> 
     </span>
    </p>

    <p class='ocr_par' dir='ltr' id='par_1_3' title="bbox 115 1238 1837 1509">
     <span class='ocr_line' id='line_1_12' title="bbox 163 1238 1837 1309; baseline 0.005 -23"><span class='ocrx_word' id='word_1_166' title='bbox 163 1243 192 1289; x_wconf 88' lang='lat' dir='ltr'><strong>lt.</strong></span> <span class='ocrx_word' id='word_1_167' title='bbox 205 1242 396 1304; x_wconf 41' lang='lat' dir='ltr'><strong>,Venuleiur</strong></span> <span class='ocrx_word' id='word_1_168' title='bbox 407 1238 613 1291; x_wconf 75' lang='lat' dir='ltr'><strong>Saturninae</strong></span> <span class='ocrx_word' id='word_1_169' title='bbox 623 1239 691 1285; x_wconf 83' lang='lat' dir='ltr'><strong>lr&#39;tro</strong></span> <span class='ocrx_word' id='word_1_170' title='bbox 703 1239 741 1287; x_wconf 94' lang='grc'><strong>11.</strong></span> <span class='ocrx_word' id='word_1_171' title='bbox 752 1240 783 1286; x_wconf 83' lang='lat' dir='ltr'><strong>de</strong></span> <span class='ocrx_word' id='word_1_172' title='bbox 793 1238 879 1299; x_wconf 80' lang='lat' dir='ltr'><strong>officio</strong></span> <span class='ocrx_word' id='word_1_173' title='bbox 887 1239 955 1287; x_wconf 84' lang='lat' dir='ltr'><strong>Pro·</strong></span> <span class='ocrx_word' id='word_1_174' title='bbox 989 1241 1139 1305; x_wconf 89' lang='lat' dir='ltr'><strong>appellavit,</strong></span> <span class='ocrx_word' id='word_1_175' title='bbox 1159 1242 1252 1289; x_wconf 88' lang='lat' dir='ltr'><strong>babeat</strong></span> <span class='ocrx_word' id='word_1_176' title='bbox 1262 1244 1376 1304; x_wconf 90' lang='lat' dir='ltr'><strong>copiam,</strong></span> <span class='ocrx_word' id='word_1_177' title='bbox 1398 1246 1533 1292; x_wconf 86' lang='lat' dir='ltr'><strong>videndum</strong></span> <span class='ocrx_word' id='word_1_178' title='bbox 1544 1250 1593 1309; x_wconf 90' lang='lat' dir='ltr'><strong>est,</strong></span> <span class='ocrx_word' id='word_1_179' title='bbox 1614 1259 1648 1293; x_wconf 86' lang='lat' dir='ltr'><strong>sn</strong></span> <span class='ocrx_word' id='word_1_180' title='bbox 1658 1246 1682 1293; x_wconf 90' lang='lat' dir='ltr'><strong>ei</strong></span> <span class='ocrx_word' id='word_1_181' title='bbox 1695 1248 1837 1306; x_wconf 70' lang='lat' dir='ltr'>praescribi</span> 
     </span>
     <span class='ocr_line' id='line_1_13' title="bbox 116 1306 1836 1377; baseline 0.003 -21"><span class='ocrx_word' id='word_1_182' title='bbox 116 1309 226 1372; x_wconf 78' lang='lat' dir='ltr'><strong>cumulis.</strong></span> <span class='ocrx_word' id='word_1_183' title='bbox 261 1306 393 1369; x_wconf 81' lang='lat' dir='ltr'><strong>Appellari</strong></span> <span class='ocrx_word' id='word_1_184' title='bbox 405 1320 420 1353; x_wconf 95' lang='lat' dir='ltr'><strong>a</strong></span> <span class='ocrx_word' id='word_1_185' title='bbox 430 1307 534 1365; x_wconf 66' lang='lat' dir='ltr'><strong>hepatis</strong></span> <span class='ocrx_word' id='word_1_186' title='bbox 545 1306 691 1353; x_wconf 83' lang='lat' dir='ltr'><strong>Proconsul</strong></span> <span class='ocrx_word' id='word_1_187' title='bbox 702 1310 796 1367; x_wconf 86' lang='lat' dir='ltr'><strong>potest,</strong></span> <span class='ocrx_word' id='word_1_188' title='bbox 819 1312 844 1353; x_wconf 89' lang='lat' dir='ltr'><strong>ct</strong></span> <span class='ocrx_word' id='word_1_189' title='bbox 855 1307 877 1353; x_wconf 93' lang='lat' dir='ltr'><strong>si</strong></span> <span class='ocrx_word' id='word_1_190' title='bbox 889 1307 954 1354; x_wconf 93' lang='lat' dir='ltr'><strong>mul-</strong></span> <span class='ocrx_word' id='word_1_191' title='bbox 990 1308 1081 1370; x_wconf 80' lang='lat' dir='ltr'><strong>posuit,</strong></span> <span class='ocrx_word' id='word_1_192' title='bbox 1091 1311 1223 1368; x_wconf 83' lang='lat' dir='ltr'><strong>quodcum</strong></span> <span class='ocrx_word' id='word_1_193' title='bbox 1235 1323 1287 1358; x_wconf 92' lang='lat' dir='ltr'><strong>non</strong></span> <span class='ocrx_word' id='word_1_194' title='bbox 1299 1312 1412 1359; x_wconf 83' lang='lat' dir='ltr'><strong>adierill</strong></span> <span class='ocrx_word' id='word_1_195' title='bbox 1423 1312 1457 1358; x_wconf 81' lang='lat' dir='ltr'><strong>lit</strong></span> <span class='ocrx_word' id='word_1_196' title='bbox 1469 1313 1516 1361; x_wconf 85' lang='lat' dir='ltr'><strong>lroc</strong></span> <span class='ocrx_word' id='word_1_197' title='bbox 1527 1313 1584 1361; x_wconf 89' lang='lat' dir='ltr'><strong>iure</strong></span> <span class='ocrx_word' id='word_1_198' title='bbox 1596 1314 1701 1377; x_wconf 90' lang='lat' dir='ltr'><strong>utimur,</strong></span> <span class='ocrx_word' id='word_1_199' title='bbox 1712 1318 1751 1370; x_wconf 91' lang='lat' dir='ltr'><strong>ut,</strong></span> <span class='ocrx_word' id='word_1_200' title='bbox 1761 1314 1783 1360; x_wconf 92' lang='lat' dir='ltr'><strong>si</strong></span> <span class='ocrx_word' id='word_1_201' title='bbox 1796 1314 1836 1361; x_wconf 91' lang='lat' dir='ltr'><strong>al-</strong></span> 
     </span>
     <span class='ocr_line' id='line_1_14' title="bbox 116 1372 1836 1441; baseline 0.002 -16"><span class='ocrx_word' id='word_1_202' title='bbox 116 1381 176 1425; x_wconf 85' lang='lat' dir='ltr'><strong>ctam</strong></span> <span class='ocrx_word' id='word_1_203' title='bbox 184 1376 290 1438; x_wconf 78' lang='lat' dir='ltr'><strong>dixerit,</strong></span> <span class='ocrx_word' id='word_1_204' title='bbox 302 1378 389 1435; x_wconf 89' lang='lat' dir='ltr'><strong>potest</strong></span> <span class='ocrx_word' id='word_1_205' title='bbox 399 1374 431 1421; x_wconf 91' lang='lat' dir='ltr'><strong>de</strong></span> <span class='ocrx_word' id='word_1_206' title='bbox 442 1374 580 1434; x_wconf 86' lang='lat' dir='ltr'><strong>iniquitate</strong></span> <span class='ocrx_word' id='word_1_207' title='bbox 590 1372 648 1422; x_wconf 89' lang='lat' dir='ltr'><strong>eius</strong></span> <span class='ocrx_word' id='word_1_208' title='bbox 657 1373 803 1421; x_wconf 84' lang='lat' dir='ltr'><strong>Proconsul</strong></span> <span class='ocrx_word' id='word_1_209' title='bbox 814 1386 954 1434; x_wconf 71' lang='lat' dir='ltr'><strong>cognosce·</strong></span> <span class='ocrx_word' id='word_1_210' title='bbox 991 1377 1116 1437; x_wconf 76' lang='lat' dir='ltr'><strong>terntrius</strong></span> <span class='ocrx_word' id='word_1_211' title='bbox 1127 1378 1239 1426; x_wconf 87' lang='lat' dir='ltr'><strong>adeundi</strong></span> <span class='ocrx_word' id='word_1_212' title='bbox 1251 1379 1330 1426; x_wconf 84' lang='lat' dir='ltr'><strong>luerit</strong></span> <span class='ocrx_word' id='word_1_213' title='bbox 1342 1379 1431 1441; x_wconf 88' lang='lat' dir='ltr'><strong>copia,</strong></span> <span class='ocrx_word' id='word_1_214' title='bbox 1453 1381 1621 1440; x_wconf 69' lang='lat' dir='ltr'><strong>praescriptio</strong></span> <span class='ocrx_word' id='word_1_215' title='bbox 1638 1383 1723 1429; x_wconf 90' lang='lat' dir='ltr'><strong>locum</strong></span> <span class='ocrx_word' id='word_1_216' title='bbox 1733 1382 1836 1430; x_wconf 85' lang='lat' dir='ltr'><strong>lrabeat.</strong></span> 
     </span>
     <span class='ocr_line' id='line_1_15' title="bbox 115 1441 1836 1509; baseline 0.003 -17"><span class='ocrx_word' id='word_1_217' title='bbox 115 1458 150 1509; x_wconf 86' lang='lat' dir='ltr'><strong>re,</strong></span> <span class='ocrx_word' id='word_1_218' title='bbox 161 1447 185 1492; x_wconf 89' lang='lat' dir='ltr'><strong>et</strong></span> <span class='ocrx_word' id='word_1_219' title='bbox 195 1445 260 1502; x_wconf 84' lang='lat' dir='ltr'><strong>quod</strong></span> <span class='ocrx_word' id='word_1_220' title='bbox 272 1446 396 1503; x_wconf 86' lang='lat' dir='ltr'><strong>optimum</strong></span> <span class='ocrx_word' id='word_1_221' title='bbox 408 1441 550 1501; x_wconf 86' lang='lat' dir='ltr'><strong>putaverit,</strong></span> <span class='ocrx_word' id='word_1_222' title='bbox 563 1446 687 1488; x_wconf 87' lang='lat' dir='ltr'><strong>statuere.</strong></span> <span class='ocrx_word' id='word_1_223' title='bbox 989 1443 1012 1501; x_wconf 66' lang='grc' dir='ltr'>ι.</span> <span class='ocrx_word' id='word_1_224' title='bbox 1026 1444 1065 1489; x_wconf 84' lang='grc'><strong>11.</strong></span> <span class='ocrx_word' id='word_1_225' title='bbox 1079 1445 1107 1489; x_wconf 93' lang='lat' dir='ltr'><strong>ln</strong></span> <span class='ocrx_word' id='word_1_226' title='bbox 1119 1446 1225 1503; x_wconf 88' lang='lat' dir='ltr'><strong>propria</strong></span> <span class='ocrx_word' id='word_1_227' title='bbox 1235 1459 1312 1492; x_wconf 86' lang='lat' dir='ltr'><strong>causa</strong></span> <span class='ocrx_word' id='word_1_228' title='bbox 1322 1447 1425 1493; x_wconf 84' lang='lat' dir='ltr'><strong>biduum</strong></span> <span class='ocrx_word' id='word_1_229' title='bbox 1435 1448 1570 1507; x_wconf 90' lang='lat' dir='ltr'><strong>accipitur.</strong></span> <span class='ocrx_word' id='word_1_230' title='bbox 1586 1449 1720 1508; x_wconf 87' lang='lat' dir='ltr'><strong>Propriam</strong></span> <span class='ocrx_word' id='word_1_231' title='bbox 1732 1461 1836 1497; x_wconf 83' lang='lat' dir='ltr'><strong>causans</strong></span> 
     </span>
    </p>

    <p class='ocr_par' dir='ltr' id='par_1_4' title="bbox 111 1508 1835 1778">
     <span class='ocr_line' id='line_1_16' title="bbox 163 1508 1835 1578; baseline 0.004 -20"><span class='ocrx_word' id='word_1_232' title='bbox 163 1514 206 1559; x_wconf 92' lang='lat' dir='ltr'><strong>lll.</strong></span> <span class='ocrx_word' id='word_1_233' title='bbox 222 1512 297 1560; x_wconf 83' lang='lat' dir='ltr'><strong>Mod</strong></span> <span class='ocrx_word' id='word_1_234' title='bbox 302 1527 316 1559; x_wconf 88' lang='lat' dir='ltr'><strong>e</strong></span> <span class='ocrx_word' id='word_1_235' title='bbox 324 1512 434 1559; x_wconf 80' lang='lat' dir='ltr'><strong>atinus</strong></span> <span class='ocrx_word' id='word_1_236' title='bbox 443 1509 509 1556; x_wconf 85' lang='lat' dir='ltr'><strong>libro</strong></span> <span class='ocrx_word' id='word_1_237' title='bbox 524 1509 601 1556; x_wconf 81' lang='lat' dir='ltr'><em>VIII.</em></span> <span class='ocrx_word' id='word_1_238' title='bbox 613 1509 780 1569; x_wconf 68' lang='lat' dir='ltr'><strong>Regularum.</strong></span> <span class='ocrx_word' id='word_1_239' title='bbox 791 1508 858 1559; x_wconf 81' lang='lat' dir='ltr'><strong>llato</strong></span> <span class='ocrx_word' id='word_1_240' title='bbox 869 1508 954 1556; x_wconf 89' lang='lat' dir='ltr'><strong>iudice</strong></span> <span class='ocrx_word' id='word_1_241' title='bbox 989 1510 1021 1554; x_wconf 91' lang='lat' dir='ltr'><strong>ab</strong></span> <span class='ocrx_word' id='word_1_242' title='bbox 1031 1510 1118 1557; x_wconf 86' lang='lat' dir='ltr'><strong>aliena</strong></span> <span class='ocrx_word' id='word_1_243' title='bbox 1128 1513 1336 1569; x_wconf 72' lang='lat' dir='ltr'><strong>quemadmodum</strong></span> <span class='ocrx_word' id='word_1_244' title='bbox 1356 1513 1545 1562; x_wconf 84' lang='lat' dir='ltr'><strong>discernimust</strong></span> <span class='ocrx_word' id='word_1_245' title='bbox 1565 1516 1599 1563; x_wconf 81' lang='lat' dir='ltr'><strong>Et</strong></span> <span class='ocrx_word' id='word_1_246' title='bbox 1609 1517 1693 1574; x_wconf 88' lang='lat' dir='ltr'><strong>palam</strong></span> <span class='ocrx_word' id='word_1_247' title='bbox 1705 1520 1760 1578; x_wconf 91' lang='lat' dir='ltr'><strong>est,</strong></span> <span class='ocrx_word' id='word_1_248' title='bbox 1779 1528 1835 1564; x_wconf 90' lang='lat' dir='ltr'><strong>eam</strong></span> 
     </span>
     <span class='ocr_line' id='line_1_17' title="bbox 114 1574 1835 1642; baseline 0.003 -16"><span class='ocrx_word' id='word_1_249' title='bbox 114 1592 129 1626; x_wconf 92' lang='lat' dir='ltr'><strong>s</strong></span> <span class='ocrx_word' id='word_1_250' title='bbox 139 1580 327 1639; x_wconf 76' lang='lat' dir='ltr'><strong>magistratibus</strong></span> <span class='ocrx_word' id='word_1_251' title='bbox 337 1575 424 1636; x_wconf 89' lang='lat' dir='ltr'><strong>populi</strong></span> <span class='ocrx_word' id='word_1_252' title='bbox 438 1576 547 1623; x_wconf 82' lang='lat' dir='ltr'><strong>Romani</strong></span> <span class='ocrx_word' id='word_1_253' title='bbox 558 1576 733 1635; x_wconf 88' lang='lat' dir='ltr'><strong>cuiuscunque</strong></span> <span class='ocrx_word' id='word_1_254' title='bbox 744 1574 855 1634; x_wconf 85' lang='lat' dir='ltr'><strong>ordinis,</strong></span> <span class='ocrx_word' id='word_1_255' title='bbox 876 1575 953 1623; x_wconf 89' lang='lat' dir='ltr'><strong>etlam</strong></span> <span class='ocrx_word' id='word_1_256' title='bbox 990 1589 1046 1624; x_wconf 90' lang='lat' dir='ltr'><strong>esse</strong></span> <span class='ocrx_word' id='word_1_257' title='bbox 1058 1579 1186 1638; x_wconf 90' lang='lat' dir='ltr'><strong>propriam</strong></span> <span class='ocrx_word' id='word_1_258' title='bbox 1199 1592 1312 1642; x_wconf 87' lang='lat' dir='ltr'><strong>causam,</strong></span> <span class='ocrx_word' id='word_1_259' title='bbox 1323 1581 1396 1627; x_wconf 89' lang='lat' dir='ltr'><strong>cuius</strong></span> <span class='ocrx_word' id='word_1_260' title='bbox 1407 1582 1607 1630; x_wconf 88' lang='lat' dir='ltr'><strong>emolumentum</strong></span> <span class='ocrx_word' id='word_1_261' title='bbox 1621 1584 1663 1630; x_wconf 90' lang='lat' dir='ltr'><strong>vel</strong></span> <span class='ocrx_word' id='word_1_262' title='bbox 1673 1584 1791 1631; x_wconf 89' lang='lat' dir='ltr'><strong>damnum</strong></span> <span class='ocrx_word' id='word_1_263' title='bbox 1802 1586 1835 1632; x_wconf 90' lang='lat' dir='ltr'><strong>ad</strong></span> 
     </span>
     <span class='ocr_line' id='line_1_18' title="bbox 112 1638 1835 1713; baseline 0.002 -19"><span class='ocrx_word' id='word_1_264' title='bbox 112 1649 134 1694; x_wconf 89' lang='lat' dir='ltr'><strong>si</strong></span> <span class='ocrx_word' id='word_1_265' title='bbox 144 1661 174 1695; x_wconf 85' lang='lat' dir='ltr'><strong>ex</strong></span> <span class='ocrx_word' id='word_1_266' title='bbox 184 1648 338 1695; x_wconf 86' lang='lat' dir='ltr'><strong>anctoritate</strong></span> <span class='ocrx_word' id='word_1_267' title='bbox 349 1643 489 1701; x_wconf 89' lang='lat' dir='ltr'><strong>principis,</strong></span> <span class='ocrx_word' id='word_1_268' title='bbox 509 1643 571 1691; x_wconf 88' lang='lat' dir='ltr'><strong>licet</strong></span> <span class='ocrx_word' id='word_1_269' title='bbox 583 1642 733 1689; x_wconf 83' lang='lat' dir='ltr'><strong>nominatim</strong></span> <span class='ocrx_word' id='word_1_270' title='bbox 745 1643 855 1690; x_wconf 90' lang='lat' dir='ltr'><strong>iudicem</strong></span> <span class='ocrx_word' id='word_1_271' title='bbox 867 1638 954 1693; x_wconf 63' lang='lat' dir='ltr'><strong>rech-</strong></span> <span class='ocrx_word' id='word_1_272' title='bbox 989 1645 1101 1702; x_wconf 83' lang='lat' dir='ltr'><strong>aliquem</strong></span> <span class='ocrx_word' id='word_1_273' title='bbox 1111 1659 1160 1694; x_wconf 90' lang='lat' dir='ltr'><strong>suo</strong></span> <span class='ocrx_word' id='word_1_274' title='bbox 1171 1648 1277 1695; x_wconf 89' lang='lat' dir='ltr'><strong>nornine</strong></span> <span class='ocrx_word' id='word_1_275' title='bbox 1287 1648 1410 1707; x_wconf 87' lang='lat' dir='ltr'><strong>pertinet.</strong></span> <span class='ocrx_word' id='word_1_276' title='bbox 1435 1648 1459 1708; x_wconf 55' lang='lat' dir='ltr'><strong>p</strong></span> <span class='ocrx_word' id='word_1_277' title='bbox 1472 1651 1512 1696; x_wconf 83' lang='lat'><strong>12.</strong></span> <span class='ocrx_word' id='word_1_278' title='bbox 1524 1649 1610 1703; x_wconf 74' lang='lat' dir='ltr'><strong>tiuare</strong></span> <span class='ocrx_word' id='word_1_279' title='bbox 1622 1655 1784 1713; x_wconf 90' lang='lat' dir='ltr'><strong>procurator,</strong></span> <span class='ocrx_word' id='word_1_280' title='bbox 1793 1651 1835 1698; x_wconf 86' lang='lat' dir='ltr'><strong>ni·</strong></span> 
     </span>
     <span class='ocr_line' id='line_1_19' title="bbox 111 1711 1835 1778; baseline 0.004 -16"><span class='ocrx_word' id='word_1_281' title='bbox 111 1716 198 1776; x_wconf 89' lang='lat' dir='ltr'><strong>rantis,</strong></span> <span class='ocrx_word' id='word_1_282' title='bbox 208 1713 336 1776; x_wconf 74' lang='lat' dir='ltr'><strong>dederint,</strong></span> <span class='ocrx_word' id='word_1_283' title='bbox 348 1711 398 1770; x_wconf 91' lang='lat' dir='ltr'><strong>ipsi</strong></span> <span class='ocrx_word' id='word_1_284' title='bbox 409 1714 494 1759; x_wconf 84' lang='lat' dir='ltr'><strong>tamen</strong></span> <span class='ocrx_word' id='word_1_285' title='bbox 506 1711 674 1771; x_wconf 78' lang='lat' dir='ltr'><strong>magistratus</strong></span> <span class='ocrx_word' id='word_1_286' title='bbox 684 1711 889 1773; x_wconf 71' lang='lat' dir='ltr'><strong>appellabuntur.</strong></span> <span class='ocrx_word' id='word_1_287' title='bbox 989 1713 1012 1759; x_wconf 88' lang='lat' dir='ltr'><strong>si</strong></span> <span class='ocrx_word' id='word_1_288' title='bbox 1022 1713 1051 1760; x_wconf 89' lang='lat' dir='ltr'><strong>ln</strong></span> <span class='ocrx_word' id='word_1_289' title='bbox 1061 1726 1135 1761; x_wconf 87' lang='lat' dir='ltr'><strong>suam</strong></span> <span class='ocrx_word' id='word_1_290' title='bbox 1145 1728 1199 1762; x_wconf 89' lang='lat' dir='ltr'><strong>rem</strong></span> <span class='ocrx_word' id='word_1_291' title='bbox 1217 1715 1293 1762; x_wconf 90' lang='lat' dir='ltr'><strong>datus</strong></span> <span class='ocrx_word' id='word_1_292' title='bbox 1303 1720 1359 1778; x_wconf 90' lang='lat' dir='ltr'><strong>est,</strong></span> <span class='ocrx_word' id='word_1_293' title='bbox 1379 1716 1483 1764; x_wconf 88' lang='lat' dir='ltr'><strong>tertium</strong></span> <span class='ocrx_word' id='word_1_294' title='bbox 1496 1716 1564 1764; x_wconf 87' lang='lat' dir='ltr'><strong>diem</strong></span> <span class='ocrx_word' id='word_1_295' title='bbox 1584 1717 1702 1777; x_wconf 85' lang='lat' dir='ltr'><strong>habeblt;</strong></span> <span class='ocrx_word' id='word_1_296' title='bbox 1723 1718 1751 1765; x_wconf 91' lang='lat' dir='ltr'><strong>in</strong></span> <span class='ocrx_word' id='word_1_297' title='bbox 1763 1731 1835 1769; x_wconf 83' lang='lat' dir='ltr'><strong>suam</strong></span> 
     </span>
    </p>

    <p class='ocr_par' dir='ltr' id='par_1_5' title="bbox 109 1783 1889 2047">
     <span class='ocr_line' id='line_1_20' title="bbox 439 1783 1836 1871; baseline 0.008 -48"><span class='ocrx_word' id='word_1_298' title='bbox 439 1808 520 1871; x_wconf 74' lang='grc' dir='ltr'><strong>ΉΤ</strong></span> <span class='ocrx_word' id='word_1_299' title='bbox 560 1813 608 1871; x_wconf 72' lang='lat' dir='ltr'><strong>lv</strong></span> <span class='ocrx_word' id='word_1_300' title='bbox 989 1783 1075 1862; x_wconf 71' lang='lat' dir='ltr'><strong>antem</strong></span> <span class='ocrx_word' id='word_1_301' title='bbox 1085 1796 1141 1829; x_wconf 85' lang='lat' dir='ltr'><strong>reru</strong></span> <span class='ocrx_word' id='word_1_302' title='bbox 1151 1783 1235 1844; x_wconf 90' lang='lat' dir='ltr'><strong>datus,</strong></span> <span class='ocrx_word' id='word_1_303' title='bbox 1247 1783 1329 1862; x_wconf 79' lang='lat' dir='ltr'><strong>magis</strong></span> <span class='ocrx_word' id='word_1_304' title='bbox 1341 1787 1390 1865; x_wconf 72' lang='lat' dir='ltr'><strong>est,</strong></span> <span class='ocrx_word' id='word_1_305' title='bbox 1401 1783 1630 1864; x_wconf 63' lang='lat' dir='ltr'><strong>ntalterumrdiem</strong></span> <span class='ocrx_word' id='word_1_306' title='bbox 1641 1786 1771 1833; x_wconf 82' lang='lat' dir='ltr'><strong>observet.</strong></span> <span class='ocrx_word' id='word_1_307' title='bbox 1800 1787 1836 1834; x_wconf 82' lang='lat' dir='ltr'><strong>At</strong></span> 
     </span>
     <span class='ocr_line' id='line_1_21' title="bbox 109 1852 1889 1980; baseline 0.002 -18"><span class='ocrx_word' id='word_1_308' title='bbox 109 1899 274 1959; x_wconf 70' lang='lat' dir='ltr'><strong>cusano</strong></span> <span class='ocrx_word' id='word_1_309' title='bbox 303 1855 618 1944; x_wconf 74' lang='grc' dir='ltr'><strong>ΑΠΗϊΑΠΗΗ</strong></span> <span class='ocrx_word' id='word_1_310' title='bbox 637 1898 718 1961; x_wconf 77' lang='lat' dir='ltr'><strong>su,</strong></span> <span class='ocrx_word' id='word_1_311' title='bbox 748 1896 799 1944; x_wconf 80' lang='grc' dir='ltr'><strong>Η</strong></span> <span class='ocrx_word' id='word_1_312' title='bbox 827 1895 952 1944; x_wconf 70' lang='lat' dir='ltr'><strong>urm</strong></span> <span class='ocrx_word' id='word_1_313' title='bbox 978 1852 1836 1980; x_wconf 53' lang='lat' dir='ltr'><strong>·:llrtttttflllrtl:ln,:ltssttzllttltttlttr</strong></span> <span class='ocrx_word' id='word_1_314' title='bbox 1883 1952 1889 1965; x_wconf 94' lang='lat'><strong><em>.</em></strong></span> 
     </span>
     <span class='ocr_line' id='line_1_22' title="bbox 354 1964 1835 2047; baseline 0.003 -15"><span class='ocrx_word' id='word_1_315' title='bbox 354 1964 466 2017; x_wconf 61' lang='lat' dir='ltr'><strong>QUAE</strong></span> <span class='ocrx_word' id='word_1_316' title='bbox 494 1964 577 2009; x_wconf 66' lang='lat' dir='ltr'><strong>TEM</strong></span> <span class='ocrx_word' id='word_1_317' title='bbox 586 1966 605 2010; x_wconf 67' lang='lat' dir='ltr'>P</span> <span class='ocrx_word' id='word_1_318' title='bbox 615 1967 636 2012; x_wconf 82' lang='lat'>⁰</span> <span class='ocrx_word' id='word_1_319' title='bbox 645 1967 701 2012; x_wconf 63' lang='grc' dir='ltr'><strong>Μ·</strong></span> <span class='ocrx_word' id='word_1_320' title='bbox 989 1986 1071 2045; x_wconf 76' lang='lat' dir='ltr'><strong>magis</strong></span> <span class='ocrx_word' id='word_1_321' title='bbox 1080 1988 1129 2047; x_wconf 89' lang='lat' dir='ltr'><strong>est,</strong></span> <span class='ocrx_word' id='word_1_322' title='bbox 1144 1989 1174 2031; x_wconf 90' lang='lat' dir='ltr'><strong>ut</strong></span> <span class='ocrx_word' id='word_1_323' title='bbox 1185 1998 1232 2031; x_wconf 91' lang='lat' dir='ltr'><strong>suo</strong></span> <span class='ocrx_word' id='word_1_324' title='bbox 1244 1985 1471 2047; x_wconf 87' lang='lat' dir='ltr'><strong>nominebiduum,</strong></span> <span class='ocrx_word' id='word_1_325' title='bbox 1488 1986 1576 2033; x_wconf 90' lang='lat' dir='ltr'><strong>alieno</strong></span> <span class='ocrx_word' id='word_1_326' title='bbox 1588 1986 1700 2034; x_wconf 86' lang='lat' dir='ltr'><strong>triduum</strong></span> <span class='ocrx_word' id='word_1_327' title='bbox 1711 1989 1835 2047; x_wconf 80' lang='lat' dir='ltr'><strong>observe-</strong></span> 
     </span>
    </p>

    <p class='ocr_par' dir='ltr' id='par_1_6' title="bbox 79 2043 1842 5308">
     <span class='ocr_line' id='line_1_23' title="bbox 156 2043 1835 2117; baseline 0.002 -17"><span class='ocrx_word' id='word_1_328' title='bbox 156 2054 176 2099; x_wconf 90' lang='grc' dir='ltr'><strong>ι.</strong></span> <span class='ocrx_word' id='word_1_329' title='bbox 196 2043 761 2111; x_wconf 76' lang='lat' dir='ltr'><strong>Ulpr&#39;ressnslibroi.cleAppelluttnnibus.</strong></span> <span class='ocrx_word' id='word_1_330' title='bbox 797 2049 952 2107; x_wconf 77' lang='lat' dir='ltr'><strong>siquenm</strong></span> <span class='ocrx_word' id='word_1_331' title='bbox 990 2059 1041 2100; x_wconf 89' lang='lat' dir='ltr'><strong>tur.</strong></span> <span class='ocrx_word' id='word_1_332' title='bbox 1073 2056 1096 2114; x_wconf 67' lang='grc' dir='ltr'><strong>ς.</strong></span> <span class='ocrx_word' id='word_1_333' title='bbox 1110 2055 1149 2100; x_wconf 78' lang='lat' dir='ltr'><strong>lt.</strong></span> <span class='ocrx_word' id='word_1_334' title='bbox 1161 2054 1282 2115; x_wconf 86' lang='lat' dir='ltr'><strong>Tutores,</strong></span> <span class='ocrx_word' id='word_1_335' title='bbox 1294 2052 1354 2101; x_wconf 88' lang='lat' dir='ltr'><strong>item</strong></span> <span class='ocrx_word' id='word_1_336' title='bbox 1366 2054 1518 2101; x_wconf 79' lang='lat' dir='ltr'><strong>defensores</strong></span> <span class='ocrx_word' id='word_1_337' title='bbox 1528 2066 1615 2101; x_wconf 92' lang='lat' dir='ltr'><strong>rerum</strong></span> <span class='ocrx_word' id='word_1_338' title='bbox 1626 2054 1794 2117; x_wconf 88' lang='lat' dir='ltr'><strong>publicarum,</strong></span> <span class='ocrx_word' id='word_1_339' title='bbox 1807 2059 1835 2103; x_wconf 93' lang='lat' dir='ltr'><strong>et</strong></span> 
     </span>
     <span class='ocr_line' id='line_1_24' title="bbox 106 2116 1834 2179; baseline 0.002 -11"><span class='ocrx_word' id='word_1_340' title='bbox 106 2120 217 2168; x_wconf 90' lang='lat' dir='ltr'><strong>insulam</strong></span> <span class='ocrx_word' id='word_1_341' title='bbox 232 2117 421 2177; x_wconf 87' lang='lat' dir='ltr'><strong>deportandum</strong></span> <span class='ocrx_word' id='word_1_342' title='bbox 435 2116 602 2163; x_wconf 71' lang='lat' dir='ltr'><strong>annotaverit</strong></span> <span class='ocrx_word' id='word_1_343' title='bbox 613 2118 719 2164; x_wconf 76' lang='lat' dir='ltr'><strong>Praenes</strong></span> <span class='ocrx_word' id='word_1_344' title='bbox 737 2118 906 2179; x_wconf 88' lang='lat' dir='ltr'><strong>provinciae,</strong></span> <span class='ocrx_word' id='word_1_345' title='bbox 928 2121 954 2164; x_wconf 89' lang='lat' dir='ltr'><strong>et</strong></span> <span class='ocrx_word' id='word_1_346' title='bbox 989 2124 1125 2168; x_wconf 86' lang='lat' dir='ltr'><strong>curatores</strong></span> <span class='ocrx_word' id='word_1_347' title='bbox 1146 2121 1350 2168; x_wconf 89' lang='lat' dir='ltr'><strong>adolescentium</strong></span> <span class='ocrx_word' id='word_1_348' title='bbox 1371 2120 1413 2168; x_wconf 90' lang='lat' dir='ltr'><strong>vel</strong></span> <span class='ocrx_word' id='word_1_349' title='bbox 1431 2120 1525 2168; x_wconf 88' lang='lat' dir='ltr'><strong>turiosi</strong></span> <span class='ocrx_word' id='word_1_350' title='bbox 1547 2121 1650 2167; x_wconf 90' lang='lat' dir='ltr'><strong>tertium</strong></span> <span class='ocrx_word' id='word_1_351' title='bbox 1662 2121 1727 2169; x_wconf 90' lang='lat' dir='ltr'><strong>diem</strong></span> <span class='ocrx_word' id='word_1_352' title='bbox 1739 2123 1834 2170; x_wconf 85' lang='lat' dir='ltr'><strong>babere</strong></span> 
     </span>
     <span class='ocr_line' id='line_1_25' title="bbox 105 2184 1835 2250; baseline 0.001 -14"><span class='ocrx_word' id='word_1_353' title='bbox 105 2186 260 2247; x_wconf 88' lang='lat' dir='ltr'><strong>imperatori</strong></span> <span class='ocrx_word' id='word_1_354' title='bbox 271 2184 413 2245; x_wconf 69' lang='lat' dir='ltr'><strong>scripserit,</strong></span> <span class='ocrx_word' id='word_1_355' title='bbox 433 2188 464 2230; x_wconf 92' lang='lat' dir='ltr'><strong>ut</strong></span> <span class='ocrx_word' id='word_1_356' title='bbox 475 2184 633 2247; x_wconf 87' lang='lat' dir='ltr'><strong>deportetur,</strong></span> <span class='ocrx_word' id='word_1_357' title='bbox 651 2186 791 2247; x_wconf 85' lang='lat' dir='ltr'><strong>videamus,</strong></span> <span class='ocrx_word' id='word_1_358' title='bbox 807 2185 909 2244; x_wconf 77' lang='lat' dir='ltr'><strong>quarrdo</strong></span> <span class='ocrx_word' id='word_1_359' title='bbox 921 2186 955 2232; x_wconf 88' lang='lat' dir='ltr'><strong>sit</strong></span> <span class='ocrx_word' id='word_1_360' title='bbox 988 2189 1090 2250; x_wconf 87' lang='lat' dir='ltr'><strong>debent,</strong></span> <span class='ocrx_word' id='word_1_361' title='bbox 1103 2189 1211 2249; x_wconf 80' lang='lat' dir='ltr'><strong>idcirco,</strong></span> <span class='ocrx_word' id='word_1_362' title='bbox 1223 2188 1283 2248; x_wconf 80' lang='lat' dir='ltr'><strong>qnia</strong></span> <span class='ocrx_word' id='word_1_363' title='bbox 1294 2187 1382 2235; x_wconf 88' lang='lat' dir='ltr'><strong>alieno</strong></span> <span class='ocrx_word' id='word_1_364' title='bbox 1395 2189 1500 2236; x_wconf 89' lang='lat' dir='ltr'><strong>nomine</strong></span> <span class='ocrx_word' id='word_1_365' title='bbox 1510 2188 1652 2248; x_wconf 86' lang='lat' dir='ltr'><strong>appellant.</strong></span> <span class='ocrx_word' id='word_1_366' title='bbox 1672 2189 1713 2237; x_wconf 72' lang='lat' dir='ltr'><strong>lix</strong></span> <span class='ocrx_word' id='word_1_367' title='bbox 1725 2191 1774 2238; x_wconf 89' lang='lat' dir='ltr'><strong>boc</strong></span> <span class='ocrx_word' id='word_1_368' title='bbox 1788 2205 1835 2250; x_wconf 87' lang='lat' dir='ltr'><strong>ap·</strong></span> 
     </span>
     <span class='ocr_line' id='line_1_26' title="bbox 103 2252 1836 2317; baseline 0.002 -15"><span class='ocrx_word' id='word_1_369' title='bbox 103 2254 307 2317; x_wconf 86' lang='lat' dir='ltr'><strong>provocandum,</strong></span> <span class='ocrx_word' id='word_1_370' title='bbox 328 2257 417 2300; x_wconf 90' lang='lat' dir='ltr'><strong>utrum</strong></span> <span class='ocrx_word' id='word_1_371' title='bbox 428 2266 505 2310; x_wconf 89' lang='lat' dir='ltr'><strong>quum</strong></span> <span class='ocrx_word' id='word_1_372' title='bbox 518 2256 660 2312; x_wconf 81' lang='lat' dir='ltr'><strong>imperetur</strong></span> <span class='ocrx_word' id='word_1_373' title='bbox 671 2252 813 2313; x_wconf 84' lang='lat' dir='ltr'><strong>rescripsit,</strong></span> <span class='ocrx_word' id='word_1_374' title='bbox 834 2267 866 2299; x_wconf 86' lang='lat' dir='ltr'><strong>an</strong></span> <span class='ocrx_word' id='word_1_375' title='bbox 879 2266 954 2310; x_wconf 86' lang='lat' dir='ltr'><strong>quum</strong></span> <span class='ocrx_word' id='word_1_376' title='bbox 988 2260 1068 2317; x_wconf 88' lang='lat' dir='ltr'><strong>paret,</strong></span> <span class='ocrx_word' id='word_1_377' title='bbox 1081 2255 1162 2303; x_wconf 89' lang='lat' dir='ltr'><strong>tertio</strong></span> <span class='ocrx_word' id='word_1_378' title='bbox 1172 2255 1215 2302; x_wconf 82' lang='lat' dir='ltr'><strong>rlie</strong></span> <span class='ocrx_word' id='word_1_379' title='bbox 1225 2257 1417 2315; x_wconf 87' lang='lat' dir='ltr'><strong>provocandum</strong></span> <span class='ocrx_word' id='word_1_380' title='bbox 1428 2256 1570 2312; x_wconf 78' lang='lat' dir='ltr'><strong>defensori,</strong></span> <span class='ocrx_word' id='word_1_381' title='bbox 1587 2256 1609 2300; x_wconf 93' lang='lat' dir='ltr'><strong>si</strong></span> <span class='ocrx_word' id='word_1_382' title='bbox 1621 2257 1696 2303; x_wconf 92' lang='lat' dir='ltr'><strong>modo</strong></span> <span class='ocrx_word' id='word_1_383' title='bbox 1707 2258 1779 2316; x_wconf 83' lang='lat' dir='ltr'><strong>quasi</strong></span> <span class='ocrx_word' id='word_1_384' title='bbox 1790 2260 1836 2305; x_wconf 88' lang='lat' dir='ltr'><strong>de·</strong></span> 
     </span>
     <span class='ocr_line' id='line_1_27' title="bbox 103 2320 1836 2386; baseline -0.002 -14"><span class='ocrx_word' id='word_1_385' title='bbox 103 2325 127 2372; x_wconf 89' lang='lat' dir='ltr'><strong>ei</strong></span> <span class='ocrx_word' id='word_1_386' title='bbox 138 2322 281 2370; x_wconf 83' lang='lat' dir='ltr'><strong>scribiturl</strong></span> <span class='ocrx_word' id='word_1_387' title='bbox 292 2322 324 2368; x_wconf 81' lang='lat' dir='ltr'><strong>Et</strong></span> <span class='ocrx_word' id='word_1_388' title='bbox 337 2325 433 2382; x_wconf 89' lang='lat' dir='ltr'><strong>putem,</strong></span> <span class='ocrx_word' id='word_1_389' title='bbox 446 2323 508 2366; x_wconf 90' lang='lat' dir='ltr'><strong>tunc</strong></span> <span class='ocrx_word' id='word_1_390' title='bbox 519 2334 576 2367; x_wconf 85' lang='lat' dir='ltr'><strong>esse</strong></span> <span class='ocrx_word' id='word_1_391' title='bbox 587 2321 776 2381; x_wconf 89' lang='lat' dir='ltr'><strong>appellandum,</strong></span> <span class='ocrx_word' id='word_1_392' title='bbox 789 2334 865 2379; x_wconf 84' lang='lat' dir='ltr'><strong>quum</strong></span> <span class='ocrx_word' id='word_1_393' title='bbox 874 2320 953 2380; x_wconf 83' lang='lat' dir='ltr'><strong>recipi</strong></span> <span class='ocrx_word' id='word_1_394' title='bbox 988 2326 1078 2370; x_wconf 87' lang='lat' dir='ltr'><strong>iensor</strong></span> <span class='ocrx_word' id='word_1_395' title='bbox 1088 2335 1189 2370; x_wconf 87' lang='lat' dir='ltr'><strong>causam</strong></span> <span class='ocrx_word' id='word_1_396' title='bbox 1201 2324 1293 2386; x_wconf 75' lang='lat' dir='ltr'><strong>egerit,</strong></span> <span class='ocrx_word' id='word_1_397' title='bbox 1314 2337 1367 2369; x_wconf 91' lang='lat' dir='ltr'><strong>non</strong></span> <span class='ocrx_word' id='word_1_398' title='bbox 1379 2335 1427 2370; x_wconf 91' lang='lat' dir='ltr'><strong>suo</strong></span> <span class='ocrx_word' id='word_1_399' title='bbox 1438 2324 1552 2386; x_wconf 87' lang='lat' dir='ltr'><strong>nominc,</strong></span> <span class='ocrx_word' id='word_1_400' title='bbox 1564 2335 1641 2381; x_wconf 83' lang='lat' dir='ltr'><strong>quum</strong></span> <span class='ocrx_word' id='word_1_401' title='bbox 1652 2324 1760 2371; x_wconf 87' lang='lat' dir='ltr'><strong>obtentu</strong></span> <span class='ocrx_word' id='word_1_402' title='bbox 1771 2325 1836 2372; x_wconf 85' lang='lat' dir='ltr'><strong>alie.</strong></span> 
     </span>
     <span class='ocr_line' id='line_1_28' title="bbox 103 2388 1834 2452; baseline 0.001 -13"><span class='ocrx_word' id='word_1_403' title='bbox 103 2406 160 2440; x_wconf 91' lang='lat' dir='ltr'><strong>eum</strong></span> <span class='ocrx_word' id='word_1_404' title='bbox 170 2392 283 2438; x_wconf 77' lang='lat' dir='ltr'><strong>Praese·</strong></span> <span class='ocrx_word' id='word_1_405' title='bbox 293 2391 382 2451; x_wconf 87' lang='lat' dir='ltr'><strong>iubet,</strong></span> <span class='ocrx_word' id='word_1_406' title='bbox 404 2388 537 2435; x_wconf 85' lang='lat' dir='ltr'><strong>sententia</strong></span> <span class='ocrx_word' id='word_1_407' title='bbox 554 2389 657 2447; x_wconf 82' lang='lat' dir='ltr'><strong>prolata</strong></span> <span class='ocrx_word' id='word_1_408' title='bbox 670 2390 823 2449; x_wconf 81' lang='lat' dir='ltr'><strong>imperatori</strong></span> <span class='ocrx_word' id='word_1_409' title='bbox 839 2389 955 2436; x_wconf 88' lang='lat' dir='ltr'><strong>scriben-</strong></span> <span class='ocrx_word' id='word_1_410' title='bbox 989 2391 1015 2437; x_wconf 89' lang='lat' dir='ltr'><strong>ni</strong></span> <span class='ocrx_word' id='word_1_411' title='bbox 1027 2391 1142 2439; x_wconf 90' lang='lat' dir='ltr'><strong>nominis</strong></span> <span class='ocrx_word' id='word_1_412' title='bbox 1159 2403 1230 2437; x_wconf 88' lang='lat' dir='ltr'><strong>suam</strong></span> <span class='ocrx_word' id='word_1_413' title='bbox 1253 2403 1354 2438; x_wconf 82' lang='lat' dir='ltr'><strong>causam</strong></span> <span class='ocrx_word' id='word_1_414' title='bbox 1363 2404 1445 2452; x_wconf 75' lang='lat' dir='ltr'><strong>agens</strong></span> <span class='ocrx_word' id='word_1_415' title='bbox 1456 2391 1535 2440; x_wconf 89' lang='lat' dir='ltr'><strong>tertio</strong></span> <span class='ocrx_word' id='word_1_416' title='bbox 1548 2389 1590 2438; x_wconf 88' lang='lat' dir='ltr'><strong>die</strong></span> <span class='ocrx_word' id='word_1_417' title='bbox 1599 2390 1730 2449; x_wconf 87' lang='lat' dir='ltr'><strong>appellare</strong></span> <span class='ocrx_word' id='word_1_418' title='bbox 1741 2391 1834 2452; x_wconf 89' lang='lat' dir='ltr'><strong>possit.</strong></span> 
     </span>
     <span class='ocr_line' id='line_1_29' title="bbox 103 2457 1835 2523; baseline 0.001 -16"><span class='ocrx_word' id='word_1_419' title='bbox 103 2462 172 2521; x_wconf 90' lang='lat' dir='ltr'><strong>dum,</strong></span> <span class='ocrx_word' id='word_1_420' title='bbox 195 2462 228 2504; x_wconf 94' lang='lat' dir='ltr'><strong>ut</strong></span> <span class='ocrx_word' id='word_1_421' title='bbox 238 2459 399 2515; x_wconf 84' lang='lat' dir='ltr'><strong>deportetur.</strong></span> <span class='ocrx_word' id='word_1_422' title='bbox 435 2457 555 2503; x_wconf 81' lang='lat' dir='ltr'><strong>ceterum</strong></span> <span class='ocrx_word' id='word_1_423' title='bbox 568 2457 707 2504; x_wconf 86' lang='lat' dir='ltr'><strong>verendum</strong></span> <span class='ocrx_word' id='word_1_424' title='bbox 720 2461 776 2519; x_wconf 89' lang='lat' dir='ltr'><strong>est,</strong></span> <span class='ocrx_word' id='word_1_425' title='bbox 796 2472 829 2505; x_wconf 91' lang='lat' dir='ltr'><strong>ne</strong></span> <span class='ocrx_word' id='word_1_426' title='bbox 840 2470 898 2504; x_wconf 88' lang='lat' dir='ltr'><strong>sero</strong></span> <span class='ocrx_word' id='word_1_427' title='bbox 909 2457 953 2519; x_wconf 90' lang='lat' dir='ltr'><strong>sit,</strong></span> <span class='ocrx_word' id='word_1_428' title='bbox 987 2461 1011 2520; x_wconf 65' lang='grc' dir='ltr'><strong>ς.</strong></span> <span class='ocrx_word' id='word_1_429' title='bbox 1025 2460 1064 2505; x_wconf 83' lang='lat' dir='ltr'><strong>ts.</strong></span> <span class='ocrx_word' id='word_1_430' title='bbox 1086 2458 1183 2518; x_wconf 89' lang='lat' dir='ltr'><strong>Siquis</strong></span> <span class='ocrx_word' id='word_1_431' title='bbox 1201 2462 1348 2517; x_wconf 84' lang='lat' dir='ltr'><strong>suspectum</strong></span> <span class='ocrx_word' id='word_1_432' title='bbox 1369 2463 1481 2508; x_wconf 88' lang='lat' dir='ltr'><strong>tutorem</strong></span> <span class='ocrx_word' id='word_1_433' title='bbox 1500 2459 1599 2506; x_wconf 85' lang='lat' dir='ltr'><strong>iaciens</strong></span> <span class='ocrx_word' id='word_1_434' title='bbox 1616 2471 1669 2504; x_wconf 90' lang='lat' dir='ltr'><strong>non</strong></span> <span class='ocrx_word' id='word_1_435' title='bbox 1681 2459 1835 2523; x_wconf 86' lang='lat' dir='ltr'><strong>obtinuerit,</strong></span> 
     </span>
     <span class='ocr_line' id='line_1_30' title="bbox 102 2516 1836 2588; baseline 0 -13"><span class='ocrx_word' id='word_1_436' title='bbox 102 2532 130 2575; x_wconf 91' lang='lat' dir='ltr'><strong>ut</strong></span> <span class='ocrx_word' id='word_1_437' title='bbox 142 2533 207 2574; x_wconf 86' lang='lat' dir='ltr'><strong>tunc</strong></span> <span class='ocrx_word' id='word_1_438' title='bbox 219 2531 385 2585; x_wconf 72' lang='lat' dir='ltr'><strong>provocetur,</strong></span> <span class='ocrx_word' id='word_1_439' title='bbox 400 2538 478 2582; x_wconf 88' lang='lat' dir='ltr'><strong>quum</strong></span> <span class='ocrx_word' id='word_1_440' title='bbox 489 2526 632 2583; x_wconf 86' lang='lat' dir='ltr'><strong>imperator</strong></span> <span class='ocrx_word' id='word_1_441' title='bbox 644 2525 755 2571; x_wconf 82' lang='lat' dir='ltr'><strong>insulam</strong></span> <span class='ocrx_word' id='word_1_442' title='bbox 766 2525 790 2571; x_wconf 90' lang='lat' dir='ltr'><strong>ei</strong></span> <span class='ocrx_word' id='word_1_443' title='bbox 804 2525 954 2583; x_wconf 78' lang='lat' dir='ltr'><strong>assignave-</strong></span> <span class='ocrx_word' id='word_1_444' title='bbox 989 2527 1120 2586; x_wconf 89' lang='lat' dir='ltr'><strong>appellare</strong></span> <span class='ocrx_word' id='word_1_445' title='bbox 1129 2540 1186 2574; x_wconf 89' lang='lat' dir='ltr'><strong>eum</strong></span> <span class='ocrx_word' id='word_1_446' title='bbox 1198 2527 1268 2573; x_wconf 92' lang='lat' dir='ltr'><strong>intra</strong></span> <span class='ocrx_word' id='word_1_447' title='bbox 1279 2526 1393 2575; x_wconf 90' lang='lat' dir='ltr'><strong>triduum</strong></span> <span class='ocrx_word' id='word_1_448' title='bbox 1405 2528 1505 2588; x_wconf 86' lang='lat' dir='ltr'><strong>debere,</strong></span> <span class='ocrx_word' id='word_1_449' title='bbox 1516 2527 1634 2573; x_wconf 90' lang='lat' dir='ltr'><strong>lulianus</strong></span> <span class='ocrx_word' id='word_1_450' title='bbox 1644 2525 1712 2573; x_wconf 90' lang='lat' dir='ltr'><strong>libro</strong></span> <span class='ocrx_word' id='word_1_451' title='bbox 1724 2516 1836 2586; x_wconf 79' lang='lat' dir='ltr'><strong>quadra-</strong></span> 
     </span>
     <span class='ocr_line' id='line_1_31' title="bbox 100 2592 1835 2659; baseline -0.001 -16"><span class='ocrx_word' id='word_1_452' title='bbox 100 2597 135 2643; x_wconf 90' lang='lat' dir='ltr'><strong>rit</strong></span> <span class='ocrx_word' id='word_1_453' title='bbox 145 2610 153 2656; x_wconf 82' lang='lat'>3</span> <span class='ocrx_word' id='word_1_454' title='bbox 177 2595 344 2652; x_wconf 89' lang='lat' dir='ltr'><strong>comprobata</strong></span> <span class='ocrx_word' id='word_1_455' title='bbox 354 2592 421 2639; x_wconf 89' lang='lat' dir='ltr'><strong>enim</strong></span> <span class='ocrx_word' id='word_1_456' title='bbox 434 2592 566 2640; x_wconf 86' lang='lat' dir='ltr'><strong>sententia</strong></span> <span class='ocrx_word' id='word_1_457' title='bbox 576 2593 718 2652; x_wconf 82' lang='lat' dir='ltr'><strong>l&#39;raesidis,</strong></span> <span class='ocrx_word' id='word_1_458' title='bbox 729 2596 791 2640; x_wconf 88' lang='lat' dir='ltr'><strong>tnnc</strong></span> <span class='ocrx_word' id='word_1_459' title='bbox 802 2593 869 2639; x_wconf 85' lang='lat' dir='ltr'><strong>solet</strong></span> <span class='ocrx_word' id='word_1_460' title='bbox 881 2593 953 2638; x_wconf 85' lang='lat' dir='ltr'><strong>lnsu-</strong></span> <span class='ocrx_word' id='word_1_461' title='bbox 989 2594 1087 2654; x_wconf 78' lang='lat' dir='ltr'><strong>gesimo</strong></span> <span class='ocrx_word' id='word_1_462' title='bbox 1097 2594 1264 2653; x_wconf 80' lang='lat' dir='ltr'><strong>Digestorum</strong></span> <span class='ocrx_word' id='word_1_463' title='bbox 1275 2594 1388 2659; x_wconf 77' lang='lat' dir='ltr'><strong>scripsit,</strong></span> <span class='ocrx_word' id='word_1_464' title='bbox 1398 2595 1517 2653; x_wconf 84' lang='lat' dir='ltr'><strong>prolecto</strong></span> <span class='ocrx_word' id='word_1_465' title='bbox 1527 2593 1600 2652; x_wconf 81' lang='lat' dir='ltr'><strong>quasi</strong></span> <span class='ocrx_word' id='word_1_466' title='bbox 1612 2592 1704 2652; x_wconf 75' lang='lat' dir='ltr'><strong>pupilli</strong></span> <span class='ocrx_word' id='word_1_467' title='bbox 1714 2594 1835 2643; x_wconf 76' lang='lat' dir='ltr'><strong>defenso-</strong></span> 
     </span>
     <span class='ocr_line' id='line_1_32' title="bbox 99 2660 1842 2722; baseline -0.002 -11"><span class='ocrx_word' id='word_1_468' title='bbox 99 2662 309 2722; x_wconf 73' lang='lat' dir='ltr'><strong>laurasalpnare.</strong></span> <span class='ocrx_word' id='word_1_469' title='bbox 346 2661 444 2708; x_wconf 83' lang='lat' dir='ltr'><strong>Rursus</strong></span> <span class='ocrx_word' id='word_1_470' title='bbox 462 2661 528 2706; x_wconf 88' lang='lat' dir='ltr'><strong>illud</strong></span> <span class='ocrx_word' id='word_1_471' title='bbox 545 2662 684 2708; x_wconf 91' lang='lat' dir='ltr'><strong>verendum</strong></span> <span class='ocrx_word' id='word_1_472' title='bbox 700 2666 749 2722; x_wconf 87' lang='lat' dir='ltr'><strong>est,</strong></span> <span class='ocrx_word' id='word_1_473' title='bbox 771 2661 793 2706; x_wconf 91' lang='lat' dir='ltr'><strong>si</strong></span> <span class='ocrx_word' id='word_1_474' title='bbox 815 2660 953 2707; x_wconf 74' lang='lat' dir='ltr'><strong>mendaciis</strong></span> <span class='ocrx_word' id='word_1_475' title='bbox 988 2676 1050 2709; x_wconf 90' lang='lat' dir='ltr'><strong>rem.</strong></span> <span class='ocrx_word' id='word_1_476' title='bbox 1081 2663 1105 2721; x_wconf 67' lang='grc' dir='ltr'>ι.</span> <span class='ocrx_word' id='word_1_477' title='bbox 1120 2664 1158 2708; x_wconf 77' lang='lat' dir='ltr'><strong>lt.</strong></span> <span class='ocrx_word' id='word_1_478' title='bbox 1170 2662 1198 2707; x_wconf 83' lang='lat' dir='ltr'><strong>Si</strong></span> <span class='ocrx_word' id='word_1_479' title='bbox 1210 2663 1332 2709; x_wconf 84' lang='lat' dir='ltr'><strong>adversus</strong></span> <span class='ocrx_word' id='word_1_480' title='bbox 1344 2665 1475 2710; x_wconf 89' lang='lat' dir='ltr'><strong>absentem</strong></span> <span class='ocrx_word' id='word_1_481' title='bbox 1487 2662 1567 2709; x_wconf 88' lang='lat' dir='ltr'><strong>tuerit</strong></span> <span class='ocrx_word' id='word_1_482' title='bbox 1577 2661 1783 2722; x_wconf 90' lang='lat' dir='ltr'><strong>pronuntiatum,</strong></span> <span class='ocrx_word' id='word_1_483' title='bbox 1795 2660 1842 2708; x_wconf 87' lang='lat' dir='ltr'><strong>bl-¹</strong></span> 
     </span>
     <span class='ocr_line' id='line_1_33' title="bbox 100 2727 1834 2792; baseline 0 -15"><span class='ocrx_word' id='word_1_484' title='bbox 100 2733 165 2792; x_wconf 85' lang='lat' dir='ltr'><strong>apud</strong></span> <span class='ocrx_word' id='word_1_485' title='bbox 176 2730 319 2790; x_wconf 85' lang='lat' dir='ltr'><strong>principem</strong></span> <span class='ocrx_word' id='word_1_486' title='bbox 331 2728 483 2777; x_wconf 75' lang='lat' dir='ltr'><strong>oneraverit</strong></span> <span class='ocrx_word' id='word_1_487' title='bbox 498 2741 565 2787; x_wconf 89' lang='lat' dir='ltr'><strong>curn,</strong></span> <span class='ocrx_word' id='word_1_488' title='bbox 587 2743 660 2788; x_wconf 82' lang='lat' dir='ltr'><strong>quesn</strong></span> <span class='ocrx_word' id='word_1_489' title='bbox 673 2730 860 2787; x_wconf 83' lang='lat' dir='ltr'><strong>deportandum</strong></span> <span class='ocrx_word' id='word_1_490' title='bbox 879 2728 953 2775; x_wconf 88' lang='lat' dir='ltr'><strong>labo·</strong></span> <span class='ocrx_word' id='word_1_491' title='bbox 988 2730 1065 2775; x_wconf 89' lang='lat' dir='ltr'><strong>duum</strong></span> <span class='ocrx_word' id='word_1_492' title='bbox 1078 2730 1119 2777; x_wconf 90' lang='lat' dir='ltr'><strong>vel</strong></span> <span class='ocrx_word' id='word_1_493' title='bbox 1131 2728 1244 2776; x_wconf 89' lang='lat' dir='ltr'><strong>triduum</strong></span> <span class='ocrx_word' id='word_1_494' title='bbox 1256 2742 1288 2777; x_wconf 82' lang='lat' dir='ltr'><strong>ex</strong></span> <span class='ocrx_word' id='word_1_495' title='bbox 1301 2742 1352 2788; x_wconf 80' lang='lat' dir='ltr'><strong>quo</strong></span> <span class='ocrx_word' id='word_1_496' title='bbox 1363 2731 1419 2790; x_wconf 85' lang='lat' dir='ltr'><strong>quis</strong></span> <span class='ocrx_word' id='word_1_497' title='bbox 1435 2730 1486 2777; x_wconf 93' lang='lat' dir='ltr'><strong>scit</strong></span> <span class='ocrx_word' id='word_1_498' title='bbox 1496 2727 1695 2789; x_wconf 88' lang='lat' dir='ltr'><strong>computandum</strong></span> <span class='ocrx_word' id='word_1_499' title='bbox 1705 2734 1758 2791; x_wconf 89' lang='lat' dir='ltr'><strong>est,</strong></span> <span class='ocrx_word' id='word_1_500' title='bbox 1779 2743 1834 2777; x_wconf 92' lang='lat' dir='ltr'><strong>non</strong></span> 
     </span>
     <span class='ocr_line' id='line_1_34' title="bbox 97 2795 1835 2858; baseline -0.001 -11"><span class='ocrx_word' id='word_1_501' title='bbox 97 2802 181 2857; x_wconf 85' lang='lat' dir='ltr'><strong>rabat,</strong></span> <span class='ocrx_word' id='word_1_502' title='bbox 195 2798 338 2845; x_wconf 84' lang='lat' dir='ltr'><strong>intercludi</strong></span> <span class='ocrx_word' id='word_1_503' title='bbox 350 2797 391 2843; x_wconf 85' lang='lat' dir='ltr'><strong>illi</strong></span> <span class='ocrx_word' id='word_1_504' title='bbox 403 2796 471 2843; x_wconf 80' lang='lat' dir='ltr'><strong>viam</strong></span> <span class='ocrx_word' id='word_1_505' title='bbox 482 2797 649 2856; x_wconf 84' lang='lat' dir='ltr'><strong>provocandi.</strong></span> <span class='ocrx_word' id='word_1_506' title='bbox 685 2796 953 2855; x_wconf 64' lang='lat' dir='ltr'><strong>Quidergoesrlfle·</strong></span> <span class='ocrx_word' id='word_1_507' title='bbox 988 2808 1021 2844; x_wconf 86' lang='lat' dir='ltr'><strong>ex</strong></span> <span class='ocrx_word' id='word_1_508' title='bbox 1032 2810 1082 2858; x_wconf 85' lang='lat' dir='ltr'><strong>quo</strong></span> <span class='ocrx_word' id='word_1_509' title='bbox 1094 2797 1288 2856; x_wconf 88' lang='lat' dir='ltr'><strong>pronuntiatum</strong></span> <span class='ocrx_word' id='word_1_510' title='bbox 1302 2801 1349 2844; x_wconf 89' lang='lat' dir='ltr'><strong>est.</strong></span> <span class='ocrx_word' id='word_1_511' title='bbox 1386 2798 1460 2852; x_wconf 75' lang='lat' dir='ltr'><strong>Quod</strong></span> <span class='ocrx_word' id='word_1_512' title='bbox 1480 2795 1681 2858; x_wconf 87' lang='lat' dir='ltr'><strong>autemdicltur,</strong></span> <span class='ocrx_word' id='word_1_513' title='bbox 1702 2797 1835 2847; x_wconf 81' lang='lat' dir='ltr'><strong>absentem</strong></span> 
     </span>
     <span class='ocr_line' id='line_1_35' title="bbox 98 2864 1835 2926; baseline -0.001 -12"><span class='ocrx_word' id='word_1_514' title='bbox 98 2870 139 2915; x_wconf 90' lang='lat' dir='ltr'><strong>cte</strong></span> <span class='ocrx_word' id='word_1_515' title='bbox 151 2866 255 2913; x_wconf 86' lang='lat' dir='ltr'><strong>dicetur</strong></span> <span class='ocrx_word' id='word_1_516' title='bbox 265 2865 426 2912; x_wconf 83' lang='lat' dir='ltr'><strong>bunranitate</strong></span> <span class='ocrx_word' id='word_1_517' title='bbox 436 2870 601 2923; x_wconf 78' lang='lat' dir='ltr'><strong>suggerente,</strong></span> <span class='ocrx_word' id='word_1_518' title='bbox 624 2867 651 2911; x_wconf 92' lang='lat' dir='ltr'><strong>ut</strong></span> <span class='ocrx_word' id='word_1_519' title='bbox 662 2864 746 2913; x_wconf 77' lang='lat' dir='ltr'><strong>etboc</strong></span> <span class='ocrx_word' id='word_1_520' title='bbox 757 2867 783 2911; x_wconf 89' lang='lat' dir='ltr'><strong>et</strong></span> <span class='ocrx_word' id='word_1_521' title='bbox 795 2864 843 2910; x_wconf 89' lang='lat' dir='ltr'><strong>illo</strong></span> <span class='ocrx_word' id='word_1_522' title='bbox 854 2867 953 2923; x_wconf 53' lang='lat' dir='ltr'><strong>tempu„</strong></span> <span class='ocrx_word' id='word_1_523' title='bbox 988 2877 1064 2924; x_wconf 90' lang='lat' dir='ltr'><strong>posse</strong></span> <span class='ocrx_word' id='word_1_524' title='bbox 1075 2878 1224 2924; x_wconf 85' lang='lat' dir='ltr'><strong>provocare,</strong></span> <span class='ocrx_word' id='word_1_525' title='bbox 1236 2878 1269 2912; x_wconf 86' lang='lat' dir='ltr'><strong>es</strong></span> <span class='ocrx_word' id='word_1_526' title='bbox 1281 2878 1332 2925; x_wconf 88' lang='lat' dir='ltr'><strong>quo</strong></span> <span class='ocrx_word' id='word_1_527' title='bbox 1341 2864 1400 2922; x_wconf 89' lang='lat' dir='ltr'><strong>scit,</strong></span> <span class='ocrx_word' id='word_1_528' title='bbox 1412 2867 1450 2913; x_wconf 90' lang='lat' dir='ltr'><strong>sic</strong></span> <span class='ocrx_word' id='word_1_529' title='bbox 1460 2865 1607 2926; x_wconf 87' lang='lat' dir='ltr'><strong>accipimus,</strong></span> <span class='ocrx_word' id='word_1_530' title='bbox 1620 2864 1642 2910; x_wconf 91' lang='lat' dir='ltr'><strong>si</strong></span> <span class='ocrx_word' id='word_1_531' title='bbox 1654 2875 1707 2913; x_wconf 88' lang='lat' dir='ltr'><strong>non</strong></span> <span class='ocrx_word' id='word_1_532' title='bbox 1718 2864 1746 2911; x_wconf 91' lang='lat' dir='ltr'><strong>in</strong></span> <span class='ocrx_word' id='word_1_533' title='bbox 1757 2878 1835 2912; x_wconf 87' lang='lat' dir='ltr'><strong>causa</strong></span> 
     </span>
     <span class='ocr_line' id='line_1_36' title="bbox 97 2930 1834 2996; baseline -0.002 -14"><span class='ocrx_word' id='word_1_534' title='bbox 97 2950 127 2983; x_wconf 92' lang='lat' dir='ltr'><strong>re</strong></span> <span class='ocrx_word' id='word_1_535' title='bbox 141 2947 197 2981; x_wconf 87' lang='lat' dir='ltr'><strong>non</strong></span> <span class='ocrx_word' id='word_1_536' title='bbox 217 2935 314 2980; x_wconf 85' lang='lat' dir='ltr'><strong>trustra</strong></span> <span class='ocrx_word' id='word_1_537' title='bbox 333 2936 507 2995; x_wconf 76' lang='lat' dir='ltr'><strong>provocetur,</strong></span> <span class='ocrx_word' id='word_1_538' title='bbox 528 2934 590 2993; x_wconf 82' lang='lat' dir='ltr'><strong>quia</strong></span> <span class='ocrx_word' id='word_1_539' title='bbox 605 2946 658 2983; x_wconf 88' lang='lat' dir='ltr'><strong>non</strong></span> <span class='ocrx_word' id='word_1_540' title='bbox 670 2932 793 2979; x_wconf 88' lang='lat' dir='ltr'><strong>adversus</strong></span> <span class='ocrx_word' id='word_1_541' title='bbox 803 2930 952 2993; x_wconf 84' lang='lat' dir='ltr'><strong>principem,</strong></span> <span class='ocrx_word' id='word_1_542' title='bbox 988 2947 1034 2993; x_wconf 90' lang='lat' dir='ltr'><strong>per</strong></span> <span class='ocrx_word' id='word_1_543' title='bbox 1044 2938 1237 2993; x_wconf 86' lang='lat' dir='ltr'><strong>procuratorem</strong></span> <span class='ocrx_word' id='word_1_544' title='bbox 1247 2933 1369 2985; x_wconf 86' lang='lat' dir='ltr'><strong>detensus</strong></span> <span class='ocrx_word' id='word_1_545' title='bbox 1380 2937 1436 2995; x_wconf 71' lang='lat' dir='ltr'><strong>est,</strong></span> <span class='ocrx_word' id='word_1_546' title='bbox 1448 2946 1508 2981; x_wconf 84' lang='lat' dir='ltr'><strong>nam</strong></span> <span class='ocrx_word' id='word_1_547' title='bbox 1518 2932 1542 2981; x_wconf 89' lang='lat' dir='ltr'><strong>si</strong></span> <span class='ocrx_word' id='word_1_548' title='bbox 1553 2932 1600 2981; x_wconf 85' lang='lat' dir='ltr'><strong>ille</strong></span> <span class='ocrx_word' id='word_1_549' title='bbox 1609 2933 1834 2996; x_wconf 84' lang='lat' dir='ltr'><strong>uanprovocavit,</strong></span> 
     </span>
     <span class='ocr_line' id='line_1_37' title="bbox 96 2998 1383 3063; baseline -0.004 -11"><span class='ocrx_word' id='word_1_550' title='bbox 96 3004 143 3052; x_wconf 89' lang='lat' dir='ltr'><strong>sed</strong></span> <span class='ocrx_word' id='word_1_551' title='bbox 155 3002 284 3049; x_wconf 85' lang='lat' dir='ltr'><strong>adversus</strong></span> <span class='ocrx_word' id='word_1_552' title='bbox 296 3000 388 3048; x_wconf 88' lang='lat' dir='ltr'><strong>iudicis</strong></span> <span class='ocrx_word' id='word_1_553' title='bbox 400 2998 569 3049; x_wconf 69' lang='lat' dir='ltr'><strong>calliditatem</strong></span> <span class='ocrx_word' id='word_1_554' title='bbox 580 3001 743 3061; x_wconf 82' lang='lat' dir='ltr'><strong>provocarit.</strong></span> <span class='ocrx_word' id='word_1_555' title='bbox 772 2999 865 3063; x_wconf 63' lang='lat' dir='ltr'><strong>‚Simili</strong></span> <span class='ocrx_word' id='word_1_556' title='bbox 876 2999 952 3046; x_wconf 91' lang='lat' dir='ltr'><strong>modo</strong></span> <span class='ocrx_word' id='word_1_557' title='bbox 988 3001 1092 3049; x_wconf 90' lang='lat' dir='ltr'><strong>dilllcile</strong></span> <span class='ocrx_word' id='word_1_558' title='bbox 1102 3003 1151 3059; x_wconf 86' lang='lat' dir='ltr'><strong>est,</strong></span> <span class='ocrx_word' id='word_1_559' title='bbox 1162 3004 1190 3047; x_wconf 91' lang='lat' dir='ltr'><strong>nt</strong></span> <span class='ocrx_word' id='word_1_560' title='bbox 1202 3000 1244 3047; x_wconf 79' lang='lat' dir='ltr'><strong>liic</strong></span> <span class='ocrx_word' id='word_1_561' title='bbox 1254 3000 1383 3051; x_wconf 86' lang='lat' dir='ltr'><strong>audiatur.</strong></span> 
     </span>
     <span class='ocr_line' id='line_1_38' title="bbox 96 3067 1834 3131; baseline -0.001 -12"><span class='ocrx_word' id='word_1_562' title='bbox 96 3074 123 3120; x_wconf 89' lang='lat' dir='ltr'><strong>et</strong></span> <span class='ocrx_word' id='word_1_563' title='bbox 135 3070 163 3116; x_wconf 90' lang='lat' dir='ltr'><strong>in</strong></span> <span class='ocrx_word' id='word_1_564' title='bbox 175 3067 327 3116; x_wconf 86' lang='lat' dir='ltr'><strong>Decurione</strong></span> <span class='ocrx_word' id='word_1_565' title='bbox 339 3067 390 3115; x_wconf 88' lang='lat' dir='ltr'><strong>erit</strong></span> <span class='ocrx_word' id='word_1_566' title='bbox 401 3068 574 3130; x_wconf 88' lang='lat' dir='ltr'><strong>probandum,</strong></span> <span class='ocrx_word' id='word_1_567' title='bbox 594 3083 668 3127; x_wconf 82' lang='lat' dir='ltr'><strong>quem</strong></span> <span class='ocrx_word' id='word_1_568' title='bbox 681 3067 773 3128; x_wconf 90' lang='lat' dir='ltr'><strong>punire</strong></span> <span class='ocrx_word' id='word_1_569' title='bbox 784 3067 833 3114; x_wconf 86' lang='lat' dir='ltr'><strong>sibl</strong></span> <span class='ocrx_word' id='word_1_570' title='bbox 845 3067 951 3114; x_wconf 88' lang='lat' dir='ltr'><strong>Praeses</strong></span> <span class='ocrx_word' id='word_1_571' title='bbox 1038 3070 1072 3115; x_wconf 89' lang='grc' dir='ltr'><strong>ιι.</strong></span> <span class='ocrx_word' id='word_1_572' title='bbox 1088 3069 1206 3117; x_wconf 82' lang='lat' dir='ltr'><strong>Macer</strong></span> <span class='ocrx_word' id='word_1_573' title='bbox 1215 3068 1281 3116; x_wconf 83' lang='lat' dir='ltr'><strong>libro</strong></span> <span class='ocrx_word' id='word_1_574' title='bbox 1292 3069 1317 3114; x_wconf 92' lang='lat'><strong>1.</strong></span> <span class='ocrx_word' id='word_1_575' title='bbox 1329 3070 1360 3116; x_wconf 82' lang='lat' dir='ltr'><strong>ds</strong></span> <span class='ocrx_word' id='word_1_576' title='bbox 1370 3068 1603 3131; x_wconf 77' lang='lat' dir='ltr'><strong>Appellatiosu&#39;dsse.</strong></span> <span class='ocrx_word' id='word_1_577' title='bbox 1613 3068 1641 3117; x_wconf 82' lang='lat' dir='ltr'><strong>Si</strong></span> <span class='ocrx_word' id='word_1_578' title='bbox 1653 3068 1834 3128; x_wconf 82' lang='lat' dir='ltr'><strong>procuratorio</strong></span> 
     </span>
     <span class='ocr_line' id='line_1_39' title="bbox 95 3134 1835 3200; baseline 0 -15"><span class='ocrx_word' id='word_1_579' title='bbox 95 3138 255 3200; x_wconf 84' lang='lat' dir='ltr'><strong>permittere</strong></span> <span class='ocrx_word' id='word_1_580' title='bbox 270 3149 324 3182; x_wconf 89' lang='lat' dir='ltr'><strong>non</strong></span> <span class='ocrx_word' id='word_1_581' title='bbox 343 3137 434 3198; x_wconf 90' lang='lat' dir='ltr'><strong>debet,</strong></span> <span class='ocrx_word' id='word_1_582' title='bbox 457 3137 502 3183; x_wconf 92' lang='lat' dir='ltr'><strong>sed</strong></span> <span class='ocrx_word' id='word_1_583' title='bbox 519 3138 637 3197; x_wconf 82' lang='lat' dir='ltr'><strong>recipere</strong></span> <span class='ocrx_word' id='word_1_584' title='bbox 653 3150 711 3184; x_wconf 89' lang='lat' dir='ltr'><strong>eum</strong></span> <span class='ocrx_word' id='word_1_585' title='bbox 722 3136 750 3182; x_wconf 89' lang='lat' dir='ltr'><strong>in</strong></span> <span class='ocrx_word' id='word_1_586' title='bbox 762 3148 904 3196; x_wconf 81' lang='lat' dir='ltr'><strong>carcerem,</strong></span> <span class='ocrx_word' id='word_1_587' title='bbox 925 3134 952 3181; x_wconf 88' lang='lat' dir='ltr'><strong>el</strong></span> <span class='ocrx_word' id='word_1_588' title='bbox 987 3137 1093 3184; x_wconf 81' lang='lat' dir='ltr'><strong>nomine</strong></span> <span class='ocrx_word' id='word_1_589' title='bbox 1104 3137 1197 3197; x_wconf 76' lang='lat' dir='ltr'><strong>egeris,</strong></span> <span class='ocrx_word' id='word_1_590' title='bbox 1208 3139 1235 3184; x_wconf 90' lang='lat' dir='ltr'><strong>et</strong></span> <span class='ocrx_word' id='word_1_591' title='bbox 1246 3136 1330 3183; x_wconf 86' lang='lat' dir='ltr'><strong>rietus</strong></span> <span class='ocrx_word' id='word_1_592' title='bbox 1339 3137 1521 3197; x_wconf 88' lang='lat' dir='ltr'><strong>appellaveris,</strong></span> <span class='ocrx_word' id='word_1_593' title='bbox 1532 3137 1626 3185; x_wconf 87' lang='lat' dir='ltr'><strong>deinde</strong></span> <span class='ocrx_word' id='word_1_594' title='bbox 1636 3135 1735 3185; x_wconf 90' lang='lat' dir='ltr'><strong>iniusta</strong></span> <span class='ocrx_word' id='word_1_595' title='bbox 1744 3138 1835 3198; x_wconf 89' lang='lat' dir='ltr'><strong>appel·</strong></span> 
     </span>
     <span class='ocr_line' id='line_1_40' title="bbox 94 3196 1835 3267; baseline -0.001 -12"><span class='ocrx_word' id='word_1_596' title='bbox 94 3204 213 3267; x_wconf 85' lang='lat' dir='ltr'><strong>principi</strong></span> <span class='ocrx_word' id='word_1_597' title='bbox 224 3204 338 3251; x_wconf 84' lang='lat' dir='ltr'><strong>scribere</strong></span> <span class='ocrx_word' id='word_1_598' title='bbox 355 3205 386 3252; x_wconf 88' lang='lat' dir='ltr'><strong>de</strong></span> <span class='ocrx_word' id='word_1_599' title='bbox 403 3216 489 3264; x_wconf 89' lang='lat' dir='ltr'><strong>poena</strong></span> <span class='ocrx_word' id='word_1_600' title='bbox 501 3204 567 3252; x_wconf 90' lang='lat' dir='ltr'><strong>eius.</strong></span> <span class='ocrx_word' id='word_1_601' title='bbox 603 3207 626 3265; x_wconf 63' lang='grc' dir='ltr'><strong>ς.</strong></span> <span class='ocrx_word' id='word_1_602' title='bbox 641 3207 662 3251; x_wconf 92' lang='lat' dir='ltr'><strong>l.</strong></span> <span class='ocrx_word' id='word_1_603' title='bbox 686 3205 715 3251; x_wconf 86' lang='lat' dir='ltr'><strong>Si</strong></span> <span class='ocrx_word' id='word_1_604' title='bbox 726 3204 784 3264; x_wconf 82' lang='lat' dir='ltr'><strong>quls</strong></span> <span class='ocrx_word' id='word_1_605' title='bbox 795 3207 866 3250; x_wconf 89' lang='lat' dir='ltr'><strong>tutor</strong></span> <span class='ocrx_word' id='word_1_606' title='bbox 877 3203 952 3249; x_wconf 79' lang='lat' dir='ltr'><strong>datus</strong></span> <span class='ocrx_word' id='word_1_607' title='bbox 988 3206 1053 3253; x_wconf 90' lang='lat' dir='ltr'><strong>latio</strong></span> <span class='ocrx_word' id='word_1_608' title='bbox 1064 3196 1110 3251; x_wconf 85' lang='lat' dir='ltr'><strong>tu&#39;a</strong></span> <span class='ocrx_word' id='word_1_609' title='bbox 1121 3206 1201 3253; x_wconf 84' lang='lat' dir='ltr'><strong>luerit</strong></span> <span class='ocrx_word' id='word_1_610' title='bbox 1211 3205 1388 3267; x_wconf 89' lang='lat' dir='ltr'><strong>pronuntiata,</strong></span> <span class='ocrx_word' id='word_1_611' title='bbox 1409 3208 1495 3264; x_wconf 91' lang='lat' dir='ltr'><strong>potest</strong></span> <span class='ocrx_word' id='word_1_612' title='bbox 1506 3205 1630 3261; x_wconf 84' lang='lat' dir='ltr'><strong>dubitari,</strong></span> <span class='ocrx_word' id='word_1_613' title='bbox 1648 3218 1709 3253; x_wconf 87' lang='lat' dir='ltr'><strong>num</strong></span> <span class='ocrx_word' id='word_1_614' title='bbox 1722 3205 1835 3253; x_wconf 81' lang='lat' dir='ltr'><strong>secundo</strong></span> 
     </span>
     <span class='ocr_line' id='line_1_41' title="bbox 94 3271 1834 3337; baseline -0.001 -14"><span class='ocrx_word' id='word_1_615' title='bbox 94 3274 181 3325; x_wconf 79' lang='lat' dir='ltr'><strong>fuerit</strong></span> <span class='ocrx_word' id='word_1_616' title='bbox 193 3274 235 3321; x_wconf 82' lang='lat' dir='ltr'><strong>vel</strong></span> <span class='ocrx_word' id='word_1_617' title='bbox 247 3275 422 3337; x_wconf 88' lang='lat' dir='ltr'><strong>testamento,</strong></span> <span class='ocrx_word' id='word_1_618' title='bbox 444 3272 483 3318; x_wconf 88' lang='lat' dir='ltr'><strong>vel</strong></span> <span class='ocrx_word' id='word_1_619' title='bbox 496 3286 573 3335; x_wconf 88' lang='lat' dir='ltr'><strong>aquo</strong></span> <span class='ocrx_word' id='word_1_620' title='bbox 584 3272 647 3336; x_wconf 91' lang='lat' dir='ltr'><strong>alio,</strong></span> <span class='ocrx_word' id='word_1_621' title='bbox 668 3273 711 3335; x_wconf 87' lang='lat' dir='ltr'><strong>qui</strong></span> <span class='ocrx_word' id='word_1_622' title='bbox 723 3273 763 3319; x_wconf 92' lang='lat' dir='ltr'><strong>ius</strong></span> <span class='ocrx_word' id='word_1_623' title='bbox 775 3271 852 3319; x_wconf 88' lang='lat' dir='ltr'><strong>dandi</strong></span> <span class='ocrx_word' id='word_1_624' title='bbox 866 3272 951 3335; x_wconf 86' lang='lat' dir='ltr'><strong>babet,</strong></span> <span class='ocrx_word' id='word_1_625' title='bbox 987 3274 1029 3320; x_wconf 88' lang='lat' dir='ltr'><strong>die</strong></span> <span class='ocrx_word' id='word_1_626' title='bbox 1041 3272 1171 3333; x_wconf 88' lang='lat' dir='ltr'><strong>appellare</strong></span> <span class='ocrx_word' id='word_1_627' title='bbox 1182 3273 1284 3334; x_wconf 82' lang='lat' dir='ltr'><strong>debeas,</strong></span> <span class='ocrx_word' id='word_1_628' title='bbox 1296 3274 1364 3333; x_wconf 89' lang='lat' dir='ltr'><strong>quia,</strong></span> <span class='ocrx_word' id='word_1_629' title='bbox 1383 3286 1460 3332; x_wconf 90' lang='lat' dir='ltr'><strong>quum</strong></span> <span class='ocrx_word' id='word_1_630' title='bbox 1471 3273 1502 3320; x_wconf 87' lang='lat' dir='ltr'><strong>de</strong></span> <span class='ocrx_word' id='word_1_631' title='bbox 1514 3276 1560 3320; x_wconf 89' lang='lat' dir='ltr'><strong>tua</strong></span> <span class='ocrx_word' id='word_1_632' title='bbox 1570 3272 1668 3320; x_wconf 87' lang='lat' dir='ltr'><strong>iniusta</strong></span> <span class='ocrx_word' id='word_1_633' title='bbox 1678 3273 1834 3333; x_wconf 88' lang='lat' dir='ltr'><strong>appellatio-</strong></span> 
     </span>
     <span class='ocr_line' id='line_1_42' title="bbox 95 3336 1834 3404; baseline -0.002 -13"><span class='ocrx_word' id='word_1_634' title='bbox 95 3357 152 3391; x_wconf 89' lang='lat' dir='ltr'><strong>non</strong></span> <span class='ocrx_word' id='word_1_635' title='bbox 165 3343 272 3402; x_wconf 84' lang='lat' dir='ltr'><strong>oportet</strong></span> <span class='ocrx_word' id='word_1_636' title='bbox 284 3354 341 3388; x_wconf 86' lang='lat' dir='ltr'><strong>eum</strong></span> <span class='ocrx_word' id='word_1_637' title='bbox 352 3353 504 3401; x_wconf 88' lang='lat' dir='ltr'><strong>provocare,</strong></span> <span class='ocrx_word' id='word_1_638' title='bbox 516 3342 576 3400; x_wconf 91' lang='lat' dir='ltr'><strong>(lsoc</strong></span> <span class='ocrx_word' id='word_1_639' title='bbox 586 3341 655 3389; x_wconf 90' lang='lat' dir='ltr'><strong>enlm</strong></span> <span class='ocrx_word' id='word_1_640' title='bbox 663 3341 738 3388; x_wconf 84' lang='lat' dir='ltr'><strong>divus</strong></span> <span class='ocrx_word' id='word_1_641' title='bbox 746 3342 846 3387; x_wconf 83' lang='lat' dir='ltr'><strong>Marcus</strong></span> <span class='ocrx_word' id='word_1_642' title='bbox 854 3336 952 3397; x_wconf 84' lang='lat' dir='ltr'><strong>eticclt)</strong></span> <span class='ocrx_word' id='word_1_643' title='bbox 988 3354 1021 3388; x_wconf 87' lang='lat' dir='ltr'><strong>ne</strong></span> <span class='ocrx_word' id='word_1_644' title='bbox 1031 3340 1225 3400; x_wconf 87' lang='lat' dir='ltr'><strong>pronuntiatum</strong></span> <span class='ocrx_word' id='word_1_645' title='bbox 1237 3341 1282 3404; x_wconf 87' lang='lat' dir='ltr'><strong>sit,</strong></span> <span class='ocrx_word' id='word_1_646' title='bbox 1304 3344 1350 3388; x_wconf 91' lang='lat' dir='ltr'><strong>tua</strong></span> <span class='ocrx_word' id='word_1_647' title='bbox 1360 3339 1512 3388; x_wconf 74' lang='lat' dir='ltr'><strong>interfuisse</strong></span> <span class='ocrx_word' id='word_1_648' title='bbox 1530 3340 1652 3388; x_wconf 84' lang='lat' dir='ltr'><strong>videturl</strong></span> <span class='ocrx_word' id='word_1_649' title='bbox 1673 3342 1722 3388; x_wconf 84' lang='lat' dir='ltr'><strong>Sed</strong></span> <span class='ocrx_word' id='word_1_650' title='bbox 1736 3342 1834 3388; x_wconf 90' lang='lat' dir='ltr'><strong>rectius</strong></span> 
     </span>
     <span class='ocr_line' id='line_1_43' title="bbox 94 3407 1833 3471; baseline -0.002 -11"><span class='ocrx_word' id='word_1_651' title='bbox 94 3412 143 3460; x_wconf 86' lang='lat' dir='ltr'><strong>sed</strong></span> <span class='ocrx_word' id='word_1_652' title='bbox 167 3410 240 3456; x_wconf 88' lang='lat' dir='ltr'><strong>intra</strong></span> <span class='ocrx_word' id='word_1_653' title='bbox 261 3411 378 3468; x_wconf 89' lang='lat' dir='ltr'><strong>tempora</strong></span> <span class='ocrx_word' id='word_1_654' title='bbox 398 3407 552 3467; x_wconf 87' lang='lat' dir='ltr'><strong>praestituta</strong></span> <span class='ocrx_word' id='word_1_655' title='bbox 572 3409 769 3456; x_wconf 81' lang='lat' dir='ltr'><strong>excusationem</strong></span> <span class='ocrx_word' id='word_1_656' title='bbox 790 3407 951 3466; x_wconf 80' lang='lat' dir='ltr'><strong>allegandam</strong></span> <span class='ocrx_word' id='word_1_657' title='bbox 988 3410 1097 3471; x_wconf 87' lang='lat' dir='ltr'><strong>dicetur,</strong></span> <span class='ocrx_word' id='word_1_658' title='bbox 1123 3410 1202 3456; x_wconf 90' lang='lat' dir='ltr'><strong>tertia</strong></span> <span class='ocrx_word' id='word_1_659' title='bbox 1221 3408 1263 3455; x_wconf 88' lang='lat' dir='ltr'><strong>die</strong></span> <span class='ocrx_word' id='word_1_660' title='bbox 1284 3409 1416 3468; x_wconf 85' lang='lat' dir='ltr'><strong>appellare</strong></span> <span class='ocrx_word' id='word_1_661' title='bbox 1433 3413 1459 3455; x_wconf 88' lang='lat' dir='ltr'><strong>te</strong></span> <span class='ocrx_word' id='word_1_662' title='bbox 1477 3421 1562 3467; x_wconf 83' lang='lat' dir='ltr'><strong>posse,</strong></span> <span class='ocrx_word' id='word_1_663' title='bbox 1582 3407 1643 3470; x_wconf 87' lang='lat' dir='ltr'><strong>quia</strong></span> <span class='ocrx_word' id='word_1_664' title='bbox 1653 3407 1736 3456; x_wconf 84' lang='lat' dir='ltr'><strong>nilrilo</strong></span> <span class='ocrx_word' id='word_1_665' title='bbox 1748 3409 1833 3457; x_wconf 90' lang='lat' dir='ltr'><strong>minus</strong></span> 
     </span>
     <span class='ocr_line' id='line_1_44' title="bbox 84 3473 1833 3539; baseline -0.002 -12"><span class='ocrx_word' id='word_1_666' title='bbox 84 3476 186 3539; x_wconf 60' lang='lat' dir='ltr'><strong>babet,</strong></span> <span class='ocrx_word' id='word_1_667' title='bbox 209 3482 236 3524; x_wconf 90' lang='lat' dir='ltr'><strong>et</strong></span> <span class='ocrx_word' id='word_1_668' title='bbox 248 3477 269 3522; x_wconf 92' lang='lat' dir='ltr'><strong>si</strong></span> <span class='ocrx_word' id='word_1_669' title='bbox 282 3477 362 3523; x_wconf 87' lang='lat' dir='ltr'><strong>tuerit</strong></span> <span class='ocrx_word' id='word_1_670' title='bbox 374 3475 488 3536; x_wconf 87' lang='lat' dir='ltr'><strong>repulsa,</strong></span> <span class='ocrx_word' id='word_1_671' title='bbox 508 3481 569 3523; x_wconf 90' lang='lat' dir='ltr'><strong>tnnc</strong></span> <span class='ocrx_word' id='word_1_672' title='bbox 580 3477 679 3524; x_wconf 89' lang='lat' dir='ltr'><strong>demum</strong></span> <span class='ocrx_word' id='word_1_673' title='bbox 691 3476 824 3536; x_wconf 86' lang='lat' dir='ltr'><strong>appellare</strong></span> <span class='ocrx_word' id='word_1_674' title='bbox 836 3473 952 3533; x_wconf 73' lang='lat' dir='ltr'><strong>nesebin</strong></span> <span class='ocrx_word' id='word_1_675' title='bbox 987 3477 1098 3524; x_wconf 85' lang='lat' dir='ltr'><strong>alienam</strong></span> <span class='ocrx_word' id='word_1_676' title='bbox 1111 3489 1212 3524; x_wconf 88' lang='lat' dir='ltr'><strong>causam</strong></span> <span class='ocrx_word' id='word_1_677' title='bbox 1224 3475 1379 3524; x_wconf 76' lang='lat' dir='ltr'><strong>defenderis.</strong></span> <span class='ocrx_word' id='word_1_678' title='bbox 1401 3477 1425 3535; x_wconf 65' lang='grc' dir='ltr'>ι.</span> <span class='ocrx_word' id='word_1_679' title='bbox 1438 3477 1460 3522; x_wconf 91' lang='lat' dir='ltr'><strong>l.</strong></span> <span class='ocrx_word' id='word_1_680' title='bbox 1472 3476 1522 3522; x_wconf 84' lang='lat' dir='ltr'><strong>Sed</strong></span> <span class='ocrx_word' id='word_1_681' title='bbox 1533 3476 1555 3522; x_wconf 89' lang='lat' dir='ltr'><strong>si</strong></span> <span class='ocrx_word' id='word_1_682' title='bbox 1566 3475 1643 3537; x_wconf 89' lang='lat' dir='ltr'><strong>alius,</strong></span> <span class='ocrx_word' id='word_1_683' title='bbox 1654 3488 1729 3535; x_wconf 87' lang='lat' dir='ltr'><strong>quam</strong></span> <span class='ocrx_word' id='word_1_684' title='bbox 1739 3476 1781 3535; x_wconf 88' lang='lat' dir='ltr'><strong>qui</strong></span> <span class='ocrx_word' id='word_1_685' title='bbox 1794 3477 1833 3524; x_wconf 87' lang='lat' dir='ltr'><strong>iu·</strong></span> 
     </span>
     <span class='ocr_line' id='line_1_45' title="bbox 94 3534 1834 3606; baseline -0.002 -11"><span class='ocrx_word' id='word_1_686' title='bbox 94 3550 217 3596; x_wconf 85' lang='lat' dir='ltr'><strong>ceterum</strong></span> <span class='ocrx_word' id='word_1_687' title='bbox 233 3549 295 3591; x_wconf 88' lang='lat' dir='ltr'><strong>ante</strong></span> <span class='ocrx_word' id='word_1_688' title='bbox 311 3545 410 3590; x_wconf 83' lang='lat' dir='ltr'><strong>trustra</strong></span> <span class='ocrx_word' id='word_1_689' title='bbox 420 3544 577 3602; x_wconf 81' lang='lat' dir='ltr'><strong>appellatur.</strong></span> <span class='ocrx_word' id='word_1_690' title='bbox 614 3547 637 3605; x_wconf 63' lang='grc' dir='ltr'>ι.</span> <span class='ocrx_word' id='word_1_691' title='bbox 650 3548 675 3591; x_wconf 81' lang='grc' dir='ltr'><strong>ι.</strong></span> <span class='ocrx_word' id='word_1_692' title='bbox 696 3544 755 3592; x_wconf 80' lang='lat' dir='ltr'><strong>Alia</strong></span> <span class='ocrx_word' id='word_1_693' title='bbox 769 3545 895 3590; x_wconf 86' lang='lat' dir='ltr'><strong>causaest</strong></span> <span class='ocrx_word' id='word_1_694' title='bbox 906 3555 951 3589; x_wconf 89' lang='lat' dir='ltr'><strong>eo·</strong></span> <span class='ocrx_word' id='word_1_695' title='bbox 987 3543 1056 3592; x_wconf 90' lang='lat' dir='ltr'><strong>dicio</strong></span> <span class='ocrx_word' id='word_1_696' title='bbox 1071 3551 1195 3602; x_wconf 77' lang='lat' dir='ltr'><strong>expertus</strong></span> <span class='ocrx_word' id='word_1_697' title='bbox 1205 3534 1253 3604; x_wconf 68' lang='lat' dir='ltr'><strong>cs&#39;t,</strong></span> <span class='ocrx_word' id='word_1_698' title='bbox 1265 3543 1385 3606; x_wconf 90' lang='lat' dir='ltr'><strong>appellet,</strong></span> <span class='ocrx_word' id='word_1_699' title='bbox 1398 3544 1482 3603; x_wconf 88' lang='lat' dir='ltr'><strong>qualis</strong></span> <span class='ocrx_word' id='word_1_700' title='bbox 1492 3546 1532 3591; x_wconf 90' lang='lat' dir='ltr'><strong>est</strong></span> <span class='ocrx_word' id='word_1_701' title='bbox 1542 3543 1574 3604; x_wconf 90' lang='lat' dir='ltr'><strong>is,</strong></span> <span class='ocrx_word' id='word_1_702' title='bbox 1586 3543 1659 3590; x_wconf 89' lang='lat' dir='ltr'><strong>cuius</strong></span> <span class='ocrx_word' id='word_1_703' title='bbox 1670 3543 1788 3601; x_wconf 85' lang='lat' dir='ltr'><strong>interest,</strong></span> <span class='ocrx_word' id='word_1_704' title='bbox 1799 3557 1834 3591; x_wconf 84' lang='lat' dir='ltr'><strong>su</strong></span> 
     </span>
     <span class='ocr_line' id='line_1_46' title="bbox 93 3608 1832 3675; baseline -0.002 -14"><span class='ocrx_word' id='word_1_705' title='bbox 93 3628 165 3675; x_wconf 86' lang='lat' dir='ltr'><strong>rum,</strong></span> <span class='ocrx_word' id='word_1_706' title='bbox 184 3612 228 3670; x_wconf 82' lang='lat' dir='ltr'><strong>qui</strong></span> <span class='ocrx_word' id='word_1_707' title='bbox 237 3612 268 3658; x_wconf 90' lang='lat' dir='ltr'><strong>ad</strong></span> <span class='ocrx_word' id='word_1_708' title='bbox 280 3612 385 3672; x_wconf 89' lang='lat' dir='ltr'><strong>aliquod</strong></span> <span class='ocrx_word' id='word_1_709' title='bbox 397 3624 490 3658; x_wconf 91' lang='lat' dir='ltr'><strong>munus</strong></span> <span class='ocrx_word' id='word_1_710' title='bbox 504 3614 543 3659; x_wconf 88' lang='lat' dir='ltr'><strong>rel</strong></span> <span class='ocrx_word' id='word_1_711' title='bbox 555 3613 679 3660; x_wconf 82' lang='lat' dir='ltr'><strong>horrorem</strong></span> <span class='ocrx_word' id='word_1_712' title='bbox 693 3614 828 3671; x_wconf 86' lang='lat' dir='ltr'><strong>vocantur,</strong></span> <span class='ocrx_word' id='word_1_713' title='bbox 844 3624 900 3657; x_wconf 87' lang='lat' dir='ltr'><strong>cum</strong></span> <span class='ocrx_word' id='word_1_714' title='bbox 912 3608 951 3654; x_wconf 87' lang='lat' dir='ltr'><strong>di·</strong></span> <span class='ocrx_word' id='word_1_715' title='bbox 987 3612 1063 3660; x_wconf 89' lang='lat' dir='ltr'><strong>etiam</strong></span> <span class='ocrx_word' id='word_1_716' title='bbox 1076 3612 1154 3659; x_wconf 87' lang='lat' dir='ltr'><strong>tertia</strong></span> <span class='ocrx_word' id='word_1_717' title='bbox 1165 3612 1206 3659; x_wconf 88' lang='lat' dir='ltr'><strong>die</strong></span> <span class='ocrx_word' id='word_1_718' title='bbox 1219 3611 1350 3670; x_wconf 86' lang='lat' dir='ltr'><strong>appellare</strong></span> <span class='ocrx_word' id='word_1_719' title='bbox 1361 3612 1460 3670; x_wconf 83' lang='lat' dir='ltr'><strong>possitl</strong></span> <span class='ocrx_word' id='word_1_720' title='bbox 1475 3610 1615 3659; x_wconf 88' lang='lat' dir='ltr'><strong>videamus.</strong></span> <span class='ocrx_word' id='word_1_721' title='bbox 1637 3610 1687 3658; x_wconf 80' lang='lat' dir='ltr'><strong>Sed</strong></span> <span class='ocrx_word' id='word_1_722' title='bbox 1698 3610 1832 3661; x_wconf 83' lang='lat' dir='ltr'><strong>dicendum</strong></span> 
     </span>
     <span class='ocr_line' id='line_1_47' title="bbox 92 3678 1833 3742; baseline -0.003 -10"><span class='ocrx_word' id='word_1_723' title='bbox 92 3684 160 3732; x_wconf 83' lang='lat' dir='ltr'><strong>cant</strong></span> <span class='ocrx_word' id='word_1_724' title='bbox 172 3694 200 3728; x_wconf 90' lang='lat' dir='ltr'><strong>se</strong></span> <span class='ocrx_word' id='word_1_725' title='bbox 211 3679 306 3727; x_wconf 87' lang='lat' dir='ltr'><strong>habere</strong></span> <span class='ocrx_word' id='word_1_726' title='bbox 317 3680 525 3741; x_wconf 64' lang='lat' dir='ltr'><strong>excusationem</strong></span> <span class='ocrx_word' id='word_1_727' title='bbox 543 3694 601 3731; x_wconf 89' lang='lat' dir='ltr'><strong>nam</strong></span> <span class='ocrx_word' id='word_1_728' title='bbox 614 3693 667 3726; x_wconf 88' lang='lat' dir='ltr'><strong>non</strong></span> <span class='ocrx_word' id='word_1_729' title='bbox 679 3680 757 3727; x_wconf 88' lang='lat' dir='ltr'><strong>aliter</strong></span> <span class='ocrx_word' id='word_1_730' title='bbox 768 3679 882 3738; x_wconf 82' lang='lat' dir='ltr'><strong>allegare</strong></span> <span class='ocrx_word' id='word_1_731' title='bbox 893 3691 952 3737; x_wconf 91' lang='lat' dir='ltr'><strong>pos·</strong></span> <span class='ocrx_word' id='word_1_732' title='bbox 988 3684 1034 3742; x_wconf 85' lang='lat' dir='ltr'><strong>est,</strong></span> <span class='ocrx_word' id='word_1_733' title='bbox 1048 3682 1159 3727; x_wconf 73' lang='lat' dir='ltr'><strong>munda</strong></span> <span class='ocrx_word' id='word_1_734' title='bbox 1171 3680 1213 3726; x_wconf 89' lang='lat' dir='ltr'><strong>die</strong></span> <span class='ocrx_word' id='word_1_735' title='bbox 1224 3679 1420 3738; x_wconf 86' lang='lat' dir='ltr'><strong>appellarceum</strong></span> <span class='ocrx_word' id='word_1_736' title='bbox 1431 3678 1534 3735; x_wconf 83' lang='lat' dir='ltr'><strong>debere,</strong></span> <span class='ocrx_word' id='word_1_737' title='bbox 1544 3678 1606 3741; x_wconf 83' lang='lat' dir='ltr'><strong>quia</strong></span> <span class='ocrx_word' id='word_1_738' title='bbox 1616 3691 1704 3725; x_wconf 86' lang='lat' dir='ltr'><strong>verum</strong></span> <span class='ocrx_word' id='word_1_739' title='bbox 1716 3682 1763 3741; x_wconf 87' lang='lat' dir='ltr'><strong>cst,</strong></span> <span class='ocrx_word' id='word_1_740' title='bbox 1774 3692 1833 3726; x_wconf 91' lang='lat' dir='ltr'><strong>eum</strong></span> 
     </span>
     <span class='ocr_line' id='line_1_48' title="bbox 92 3746 1834 3809; baseline -0.002 -12"><span class='ocrx_word' id='word_1_741' title='bbox 92 3751 161 3798; x_wconf 87' lang='lat' dir='ltr'><strong>sunt</strong></span> <span class='ocrx_word' id='word_1_742' title='bbox 173 3760 266 3796; x_wconf 80' lang='lat' dir='ltr'><strong>causas</strong></span> <span class='ocrx_word' id='word_1_743' title='bbox 277 3748 449 3796; x_wconf 88' lang='lat' dir='ltr'><strong>immunitatis</strong></span> <span class='ocrx_word' id='word_1_744' title='bbox 459 3762 531 3809; x_wconf 88' lang='lat' dir='ltr'><strong>suae,</strong></span> <span class='ocrx_word' id='word_1_745' title='bbox 543 3748 647 3808; x_wconf 84' lang='lat' dir='ltr'><strong>quamsi</strong></span> <span class='ocrx_word' id='word_1_746' title='bbox 659 3747 859 3808; x_wconf 85' lang='lat' dir='ltr'><strong>appellationem</strong></span> <span class='ocrx_word' id='word_1_747' title='bbox 870 3746 952 3793; x_wconf 88' lang='lat' dir='ltr'><strong>inter·</strong></span> <span class='ocrx_word' id='word_1_748' title='bbox 987 3761 1057 3798; x_wconf 84' lang='lat' dir='ltr'><strong>suam</strong></span> <span class='ocrx_word' id='word_1_749' title='bbox 1067 3761 1167 3794; x_wconf 88' lang='lat' dir='ltr'><strong>causam</strong></span> <span class='ocrx_word' id='word_1_750' title='bbox 1179 3748 1327 3796; x_wconf 76' lang='lat' dir='ltr'><strong>detrudere.</strong></span> <span class='ocrx_word' id='word_1_751' title='bbox 1361 3747 1396 3793; x_wconf 86' lang='lat' dir='ltr'><strong>Et</strong></span> <span class='ocrx_word' id='word_1_752' title='bbox 1407 3747 1568 3795; x_wconf 83' lang='lat' dir='ltr'><strong>contrarium</strong></span> <span class='ocrx_word' id='word_1_753' title='bbox 1578 3746 1602 3793; x_wconf 87' lang='lat' dir='ltr'><strong>ei</strong></span> <span class='ocrx_word' id='word_1_754' title='bbox 1612 3748 1661 3809; x_wconf 87' lang='lat' dir='ltr'><strong>cst,</strong></span> <span class='ocrx_word' id='word_1_755' title='bbox 1680 3746 1701 3792; x_wconf 93' lang='lat' dir='ltr'><strong>sl</strong></span> <span class='ocrx_word' id='word_1_756' title='bbox 1713 3746 1782 3793; x_wconf 86' lang='lat' dir='ltr'><strong>dicat</strong></span> <span class='ocrx_word' id='word_1_757' title='bbox 1793 3747 1834 3794; x_wconf 87' lang='lat' dir='ltr'><strong>id·</strong></span> 
     </span>
     <span class='ocr_line' id='line_1_49' title="bbox 89 3812 1834 3880; baseline -0.003 -13"><span class='ocrx_word' id='word_1_758' title='bbox 89 3818 248 3880; x_wconf 84' lang='lat' dir='ltr'><strong>posuerint.</strong></span> <span class='ocrx_word' id='word_1_759' title='bbox 279 3820 302 3877; x_wconf 72' lang='grc' dir='ltr'><strong>ς.</strong></span> <span class='ocrx_word' id='word_1_760' title='bbox 316 3819 340 3865; x_wconf 80' lang='lat'><strong>8.</strong></span> <span class='ocrx_word' id='word_1_761' title='bbox 361 3817 455 3865; x_wconf 85' lang='lat' dir='ltr'><strong>Solent</strong></span> <span class='ocrx_word' id='word_1_762' title='bbox 467 3817 616 3877; x_wconf 89' lang='lat' dir='ltr'><strong>plerumque</strong></span> <span class='ocrx_word' id='word_1_763' title='bbox 627 3816 763 3863; x_wconf 87' lang='lat' dir='ltr'><strong>Praesides</strong></span> <span class='ocrx_word' id='word_1_764' title='bbox 776 3814 908 3862; x_wconf 89' lang='lat' dir='ltr'><strong>remittere</strong></span> <span class='ocrx_word' id='word_1_765' title='bbox 919 3813 951 3860; x_wconf 90' lang='lat' dir='ltr'><strong>ad</strong></span> <span class='ocrx_word' id='word_1_766' title='bbox 987 3815 1055 3863; x_wconf 87' lang='lat' dir='ltr'><strong>circo</strong></span> <span class='ocrx_word' id='word_1_767' title='bbox 1066 3817 1115 3863; x_wconf 87' lang='lat' dir='ltr'><strong>sibi</strong></span> <span class='ocrx_word' id='word_1_768' title='bbox 1127 3815 1206 3863; x_wconf 88' lang='lat' dir='ltr'><strong>llccre</strong></span> <span class='ocrx_word' id='word_1_769' title='bbox 1217 3817 1288 3863; x_wconf 88' lang='lat' dir='ltr'><strong>intra</strong></span> <span class='ocrx_word' id='word_1_770' title='bbox 1302 3814 1413 3862; x_wconf 90' lang='lat' dir='ltr'><strong>triduum</strong></span> <span class='ocrx_word' id='word_1_771' title='bbox 1424 3812 1563 3875; x_wconf 80' lang='lat' dir='ltr'><strong>appellare,</strong></span> <span class='ocrx_word' id='word_1_772' title='bbox 1576 3814 1637 3873; x_wconf 87' lang='lat' dir='ltr'><strong>quia</strong></span> <span class='ocrx_word' id='word_1_773' title='bbox 1646 3814 1750 3861; x_wconf 86' lang='lat' dir='ltr'><strong>videtur</strong></span> <span class='ocrx_word' id='word_1_774' title='bbox 1760 3814 1834 3873; x_wconf 84' lang='lat' dir='ltr'><strong>qussi</strong></span> 
     </span>
     <span class='ocr_line' id='line_1_50' title="bbox 92 3882 1834 3946; baseline -0.003 -11"><span class='ocrx_word' id='word_1_775' title='bbox 92 3887 221 3935; x_wconf 89' lang='lat' dir='ltr'><strong>ordinem</strong></span> <span class='ocrx_word' id='word_1_776' title='bbox 232 3883 403 3945; x_wconf 88' lang='lat' dir='ltr'><strong>nominatum,</strong></span> <span class='ocrx_word' id='word_1_777' title='bbox 423 3888 452 3930; x_wconf 92' lang='lat' dir='ltr'><strong>ut</strong></span> <span class='ocrx_word' id='word_1_778' title='bbox 464 3884 552 3932; x_wconf 86' lang='lat' dir='ltr'><strong>caium</strong></span> <span class='ocrx_word' id='word_1_779' title='bbox 564 3885 651 3933; x_wconf 84' lang='lat' dir='ltr'><strong>Seium</strong></span> <span class='ocrx_word' id='word_1_780' title='bbox 662 3886 752 3931; x_wconf 90' lang='lat' dir='ltr'><strong>creent</strong></span> <span class='ocrx_word' id='word_1_781' title='bbox 764 3883 951 3941; x_wconf 74' lang='lat' dir='ltr'><strong>magirtrstum,</strong></span> <span class='ocrx_word' id='word_1_782' title='bbox 986 3883 1073 3931; x_wconf 87' lang='lat' dir='ltr'><strong>alieno</strong></span> <span class='ocrx_word' id='word_1_783' title='bbox 1085 3882 1188 3931; x_wconf 92' lang='lat' dir='ltr'><strong>nomine</strong></span> <span class='ocrx_word' id='word_1_784' title='bbox 1197 3884 1336 3946; x_wconf 85' lang='lat' dir='ltr'><strong>appellare,</strong></span> <span class='ocrx_word' id='word_1_785' title='bbox 1347 3883 1458 3943; x_wconf 87' lang='lat' dir='ltr'><strong>quando,</strong></span> <span class='ocrx_word' id='word_1_786' title='bbox 1469 3883 1490 3929; x_wconf 89' lang='lat' dir='ltr'><strong>si</strong></span> <span class='ocrx_word' id='word_1_787' title='bbox 1504 3882 1567 3929; x_wconf 86' lang='lat' dir='ltr'><strong>relit</strong></span> <span class='ocrx_word' id='word_1_788' title='bbox 1578 3894 1678 3930; x_wconf 88' lang='lat' dir='ltr'><strong>causam</strong></span> <span class='ocrx_word' id='word_1_789' title='bbox 1690 3883 1834 3929; x_wconf 85' lang='lat' dir='ltr'><strong>anamalie·</strong></span> 
     </span>
     <span class='ocr_line' id='line_1_51' title="bbox 91 3949 1834 4014; baseline -0.003 -13"><span class='ocrx_word' id='word_1_790' title='bbox 91 3954 144 4002; x_wconf 80' lang='lat' dir='ltr'><strong>vel</strong></span> <span class='ocrx_word' id='word_1_791' title='bbox 157 3953 227 4001; x_wconf 85' lang='lat' dir='ltr'><strong>alius</strong></span> <span class='ocrx_word' id='word_1_792' title='bbox 238 3950 294 4013; x_wconf 83' lang='lat' dir='ltr'><strong>quis</strong></span> <span class='ocrx_word' id='word_1_793' title='bbox 305 3952 443 3999; x_wconf 88' lang='lat' dir='ltr'><strong>bonorvel</strong></span> <span class='ocrx_word' id='word_1_794' title='bbox 461 3966 552 3999; x_wconf 89' lang='lat' dir='ltr'><strong>munus</strong></span> <span class='ocrx_word' id='word_1_795' title='bbox 564 3953 591 3998; x_wconf 90' lang='lat' dir='ltr'><strong>in</strong></span> <span class='ocrx_word' id='word_1_796' title='bbox 611 3964 670 3999; x_wconf 88' lang='lat' dir='ltr'><strong>cum</strong></span> <span class='ocrx_word' id='word_1_797' title='bbox 681 3952 845 4011; x_wconf 78' lang='lat' dir='ltr'><strong>conteratur3</strong></span> <span class='ocrx_word' id='word_1_798' title='bbox 865 3956 951 3997; x_wconf 90' lang='lat' dir='ltr'><strong>utrum</strong></span> <span class='ocrx_word' id='word_1_799' title='bbox 987 3966 1045 3999; x_wconf 92' lang='lat' dir='ltr'><strong>nam</strong></span> <span class='ocrx_word' id='word_1_800' title='bbox 1057 3952 1148 4014; x_wconf 73' lang='lat' dir='ltr'><strong>videm,</strong></span> <span class='ocrx_word' id='word_1_801' title='bbox 1169 3952 1332 4011; x_wconf 90' lang='lat' dir='ltr'><strong>semetipsum</strong></span> <span class='ocrx_word' id='word_1_802' title='bbox 1342 3951 1475 4011; x_wconf 78' lang='lat' dir='ltr'><strong>excludat,</strong></span> <span class='ocrx_word' id='word_1_803' title='bbox 1495 3950 1557 4009; x_wconf 84' lang='lat' dir='ltr'><strong>quia</strong></span> <span class='ocrx_word' id='word_1_804' title='bbox 1568 3949 1595 3996; x_wconf 91' lang='lat' dir='ltr'><strong>ln</strong></span> <span class='ocrx_word' id='word_1_805' title='bbox 1612 3949 1700 3998; x_wconf 82' lang='lat' dir='ltr'><strong>aliena</strong></span> <span class='ocrx_word' id='word_1_806' title='bbox 1711 3962 1787 3996; x_wconf 88' lang='lat' dir='ltr'><strong>causa</strong></span> <span class='ocrx_word' id='word_1_807' title='bbox 1798 3949 1834 4007; x_wconf 89' lang='lat' dir='ltr'><strong>ei,</strong></span> 
     </span>
     <span class='ocr_line' id='line_1_52' title="bbox 89 4017 1833 4084; baseline -0.004 -14"><span class='ocrx_word' id='word_1_808' title='bbox 89 4021 184 4082; x_wconf 79' lang='lat' dir='ltr'><strong>igitur</strong></span> <span class='ocrx_word' id='word_1_809' title='bbox 195 4024 258 4065; x_wconf 93' lang='lat' dir='ltr'><strong>tunc</strong></span> <span class='ocrx_word' id='word_1_810' title='bbox 268 4019 447 4077; x_wconf 88' lang='lat' dir='ltr'><strong>appellandum</strong></span> <span class='ocrx_word' id='word_1_811' title='bbox 459 4024 508 4084; x_wconf 90' lang='lat' dir='ltr'><strong>est,</strong></span> <span class='ocrx_word' id='word_1_812' title='bbox 528 4033 604 4080; x_wconf 87' lang='lat' dir='ltr'><strong>quum</strong></span> <span class='ocrx_word' id='word_1_813' title='bbox 615 4020 681 4067; x_wconf 90' lang='lat' dir='ltr'><strong>ordo</strong></span> <span class='ocrx_word' id='word_1_814' title='bbox 692 4020 821 4067; x_wconf 87' lang='lat' dir='ltr'><strong>decretum</strong></span> <span class='ocrx_word' id='word_1_815' title='bbox 833 4018 951 4076; x_wconf 86' lang='lat' dir='ltr'><strong>interpo-</strong></span> <span class='ocrx_word' id='word_1_816' title='bbox 987 4020 1029 4077; x_wconf 79' lang='lat' dir='ltr'><strong>nui</strong></span> <span class='ocrx_word' id='word_1_817' title='bbox 1043 4020 1069 4066; x_wconf 92' lang='lat' dir='ltr'><strong>in</strong></span> <span class='ocrx_word' id='word_1_818' title='bbox 1080 4017 1176 4066; x_wconf 87' lang='lat' dir='ltr'><strong>iudicio</strong></span> <span class='ocrx_word' id='word_1_819' title='bbox 1188 4024 1310 4077; x_wconf 79' lang='lat' dir='ltr'><strong>expertus</strong></span> <span class='ocrx_word' id='word_1_820' title='bbox 1321 4032 1375 4065; x_wconf 90' lang='lat' dir='ltr'><strong>non</strong></span> <span class='ocrx_word' id='word_1_821' title='bbox 1386 4025 1433 4078; x_wconf 90' lang='lat' dir='ltr'><strong>est,</strong></span> <span class='ocrx_word' id='word_1_822' title='bbox 1444 4018 1575 4077; x_wconf 88' lang='lat' dir='ltr'><strong>appellare</strong></span> <span class='ocrx_word' id='word_1_823' title='bbox 1585 4030 1638 4067; x_wconf 89' lang='lat' dir='ltr'><strong>non</strong></span> <span class='ocrx_word' id='word_1_824' title='bbox 1650 4018 1736 4065; x_wconf 86' lang='lat' dir='ltr'><strong>liccat.</strong></span> <span class='ocrx_word' id='word_1_825' title='bbox 1772 4018 1796 4076; x_wconf 68' lang='grc' dir='ltr'><strong>ι.</strong></span> <span class='ocrx_word' id='word_1_826' title='bbox 1807 4020 1833 4064; x_wconf 83' lang='grc'><strong>2.</strong></span> 
     </span>
     <span class='ocr_line' id='line_1_53' title="bbox 90 4084 1834 4154; baseline -0.005 -17"><span class='ocrx_word' id='word_1_827' title='bbox 90 4087 194 4150; x_wconf 88' lang='lat' dir='ltr'><strong>suerit,</strong></span> <span class='ocrx_word' id='word_1_828' title='bbox 216 4101 250 4134; x_wconf 88' lang='lat' dir='ltr'><strong>nn</strong></span> <span class='ocrx_word' id='word_1_829' title='bbox 262 4099 324 4133; x_wconf 89' lang='lat' dir='ltr'><strong>vero</strong></span> <span class='ocrx_word' id='word_1_830' title='bbox 336 4087 525 4147; x_wconf 88' lang='lat' dir='ltr'><strong>aremlssione,</strong></span> <span class='ocrx_word' id='word_1_831' title='bbox 542 4102 616 4146; x_wconf 82' lang='lat' dir='ltr'><strong>quarn</strong></span> <span class='ocrx_word' id='word_1_832' title='bbox 627 4086 847 4148; x_wconf 87' lang='lat' dir='ltr'><strong>Praeseslccerit,</strong></span> <span class='ocrx_word' id='word_1_833' title='bbox 863 4086 952 4145; x_wconf 88' lang='lat' dir='ltr'><strong>appel·</strong></span> <span class='ocrx_word' id='word_1_834' title='bbox 989 4087 1017 4131; x_wconf 86' lang='lat' dir='ltr'><strong>Si</strong></span> <span class='ocrx_word' id='word_1_835' title='bbox 1030 4087 1060 4149; x_wconf 86' lang='lat' dir='ltr'><strong>is,</strong></span> <span class='ocrx_word' id='word_1_836' title='bbox 1082 4087 1125 4146; x_wconf 82' lang='lat' dir='ltr'><strong>qui</strong></span> <span class='ocrx_word' id='word_1_837' title='bbox 1137 4099 1169 4134; x_wconf 83' lang='lat' dir='ltr'><strong>ex</strong></span> <span class='ocrx_word' id='word_1_838' title='bbox 1181 4086 1354 4134; x_wconf 84' lang='lat' dir='ltr'><strong>libertinitate</strong></span> <span class='ocrx_word' id='word_1_839' title='bbox 1375 4086 1403 4134; x_wconf 91' lang='lat' dir='ltr'><strong>ln</strong></span> <span class='ocrx_word' id='word_1_840' title='bbox 1423 4086 1612 4154; x_wconf 64' lang='lat' dir='ltr'><strong>ingenuitatem</strong></span> <span class='ocrx_word' id='word_1_841' title='bbox 1632 4097 1660 4132; x_wconf 87' lang='lat' dir='ltr'><strong>se</strong></span> <span class='ocrx_word' id='word_1_842' title='bbox 1672 4084 1834 4147; x_wconf 77' lang='lat' dir='ltr'><strong>tetendebat,</strong></span> 
     </span>
     <span class='ocr_line' id='line_1_54' title="bbox 87 4152 1834 4216; baseline -0.005 -11"><span class='ocrx_word' id='word_1_843' title='bbox 87 4156 169 4206; x_wconf 83' lang='lat' dir='ltr'><strong>latio</strong></span> <span class='ocrx_word' id='word_1_844' title='bbox 181 4156 217 4202; x_wconf 91' lang='lat' dir='ltr'><strong>slt</strong></span> <span class='ocrx_word' id='word_1_845' title='bbox 227 4155 434 4213; x_wconf 86' lang='lat' dir='ltr'><strong>interponendal</strong></span> <span class='ocrx_word' id='word_1_846' title='bbox 455 4156 490 4202; x_wconf 75' lang='lat' dir='ltr'><strong>llt</strong></span> <span class='ocrx_word' id='word_1_847' title='bbox 500 4157 583 4216; x_wconf 72' lang='lat' dir='ltr'><strong>magis</strong></span> <span class='ocrx_word' id='word_1_848' title='bbox 595 4161 645 4214; x_wconf 89' lang='lat' dir='ltr'><strong>est,</strong></span> <span class='ocrx_word' id='word_1_849' title='bbox 656 4161 684 4204; x_wconf 93' lang='lat' dir='ltr'><strong>ut</strong></span> <span class='ocrx_word' id='word_1_850' title='bbox 696 4163 758 4203; x_wconf 87' lang='lat' dir='ltr'><strong>tune</strong></span> <span class='ocrx_word' id='word_1_851' title='bbox 771 4155 806 4200; x_wconf 90' lang='lat' dir='ltr'><strong>sit</strong></span> <span class='ocrx_word' id='word_1_852' title='bbox 817 4154 951 4212; x_wconf 83' lang='lat' dir='ltr'><strong>appellen·</strong></span> <span class='ocrx_word' id='word_1_853' title='bbox 988 4154 1071 4201; x_wconf 90' lang='lat' dir='ltr'><strong>victus</strong></span> <span class='ocrx_word' id='word_1_854' title='bbox 1082 4152 1214 4214; x_wconf 88' lang='lat' dir='ltr'><strong>appellare</strong></span> <span class='ocrx_word' id='word_1_855' title='bbox 1225 4153 1463 4216; x_wconf 70' lang='lat' dir='ltr'><strong>omiseritanpater</strong></span> <span class='ocrx_word' id='word_1_856' title='bbox 1473 4153 1529 4200; x_wconf 89' lang='lat' dir='ltr'><strong>eius</strong></span> <span class='ocrx_word' id='word_1_857' title='bbox 1541 4152 1672 4212; x_wconf 86' lang='lat' dir='ltr'><strong>appellare</strong></span> <span class='ocrx_word' id='word_1_858' title='bbox 1680 4153 1769 4214; x_wconf 87' lang='lat' dir='ltr'><strong>possit,</strong></span> <span class='ocrx_word' id='word_1_859' title='bbox 1782 4164 1834 4197; x_wconf 89' lang='lat' dir='ltr'><strong>ma-</strong></span> 
     </span>
     <span class='ocr_line' id='line_1_55' title="bbox 88 4218 1834 4284; baseline -0.005 -11"><span class='ocrx_word' id='word_1_860' title='bbox 88 4226 170 4284; x_wconf 85' lang='lat' dir='ltr'><strong>dum,</strong></span> <span class='ocrx_word' id='word_1_861' title='bbox 182 4236 258 4281; x_wconf 87' lang='lat' dir='ltr'><strong>quum</strong></span> <span class='ocrx_word' id='word_1_862' title='bbox 271 4223 335 4269; x_wconf 91' lang='lat' dir='ltr'><strong>ordo</strong></span> <span class='ocrx_word' id='word_1_863' title='bbox 347 4223 505 4284; x_wconf 74' lang='lat' dir='ltr'><strong>decreverit3</strong></span> <span class='ocrx_word' id='word_1_864' title='bbox 527 4225 608 4284; x_wconf 72' lang='lat' dir='ltr'><strong>magis</strong></span> <span class='ocrx_word' id='word_1_865' title='bbox 619 4225 688 4273; x_wconf 87' lang='lat' dir='ltr'><strong>enirn</strong></span> <span class='ocrx_word' id='word_1_866' title='bbox 700 4222 837 4271; x_wconf 90' lang='lat' dir='ltr'><strong>consilium</strong></span> <span class='ocrx_word' id='word_1_867' title='bbox 851 4221 952 4268; x_wconf 85' lang='lat' dir='ltr'><strong>dedisse</strong></span> <span class='ocrx_word' id='word_1_868' title='bbox 988 4223 1057 4270; x_wconf 86' lang='lat' dir='ltr'><strong>xime</strong></span> <span class='ocrx_word' id='word_1_869' title='bbox 1068 4221 1090 4268; x_wconf 91' lang='lat' dir='ltr'><strong>si</strong></span> <span class='ocrx_word' id='word_1_870' title='bbox 1107 4222 1177 4268; x_wconf 85' lang='lat' dir='ltr'><strong>diest</strong></span> <span class='ocrx_word' id='word_1_871' title='bbox 1187 4234 1245 4267; x_wconf 85' lang='lat' dir='ltr'><strong>eum</strong></span> <span class='ocrx_word' id='word_1_872' title='bbox 1254 4221 1282 4268; x_wconf 90' lang='lat' dir='ltr'><strong>in</strong></span> <span class='ocrx_word' id='word_1_873' title='bbox 1295 4226 1426 4280; x_wconf 86' lang='lat' dir='ltr'><strong>potestate</strong></span> <span class='ocrx_word' id='word_1_874' title='bbox 1444 4233 1491 4267; x_wconf 90' lang='lat' dir='ltr'><strong>sua</strong></span> <span class='ocrx_word' id='word_1_875' title='bbox 1509 4221 1584 4267; x_wconf 86' lang='lat' dir='ltr'><strong>esset</strong></span> <span class='ocrx_word' id='word_1_876' title='bbox 1607 4219 1748 4278; x_wconf 87' lang='lat' dir='ltr'><strong>quaeritur.</strong></span> <span class='ocrx_word' id='word_1_877' title='bbox 1783 4218 1834 4265; x_wconf 86' lang='lat' dir='ltr'><strong>Sed</strong></span> 
     </span>
     <span class='ocr_line' id='line_1_56' title="bbox 87 4285 1835 4352; baseline -0.006 -10"><span class='ocrx_word' id='word_1_878' title='bbox 87 4295 211 4342; x_wconf 85' lang='lat' dir='ltr'><strong>Praeses</strong></span> <span class='ocrx_word' id='word_1_879' title='bbox 222 4291 332 4351; x_wconf 89' lang='lat' dir='ltr'><strong>videtur,</strong></span> <span class='ocrx_word' id='word_1_880' title='bbox 353 4290 410 4352; x_wconf 85' lang='lat' dir='ltr'><strong>quis</strong></span> <span class='ocrx_word' id='word_1_881' title='bbox 420 4291 455 4336; x_wconf 88' lang='lat' dir='ltr'><strong>sit</strong></span> <span class='ocrx_word' id='word_1_882' title='bbox 468 4291 601 4352; x_wconf 80' lang='lat' dir='ltr'><strong>creandus,</strong></span> <span class='ocrx_word' id='word_1_883' title='bbox 618 4306 692 4350; x_wconf 84' lang='lat' dir='ltr'><strong>qnam</strong></span> <span class='ocrx_word' id='word_1_884' title='bbox 703 4292 759 4352; x_wconf 88' lang='lat' dir='ltr'><strong>lpse</strong></span> <span class='ocrx_word' id='word_1_885' title='bbox 770 4289 952 4347; x_wconf 84' lang='lat' dir='ltr'><strong>constituiase;</strong></span> <span class='ocrx_word' id='word_1_886' title='bbox 987 4289 1037 4338; x_wconf 91' lang='lat' dir='ltr'><strong>etsi</strong></span> <span class='ocrx_word' id='word_1_887' title='bbox 1049 4290 1144 4349; x_wconf 88' lang='lat' dir='ltr'><strong>potest,</strong></span> <span class='ocrx_word' id='word_1_888' title='bbox 1156 4289 1221 4348; x_wconf 82' lang='lat' dir='ltr'><strong>quod</strong></span> <span class='ocrx_word' id='word_1_889' title='bbox 1230 4289 1313 4348; x_wconf 77' lang='lat' dir='ltr'><strong>magis</strong></span> <span class='ocrx_word' id='word_1_890' title='bbox 1324 4290 1457 4349; x_wconf 90' lang='lat' dir='ltr'><strong>probatur,</strong></span> <span class='ocrx_word' id='word_1_891' title='bbox 1467 4289 1580 4335; x_wconf 86' lang='lat' dir='ltr'><strong>secunda</strong></span> <span class='ocrx_word' id='word_1_892' title='bbox 1590 4287 1642 4345; x_wconf 87' lang='lat' dir='ltr'><strong>die,</strong></span> <span class='ocrx_word' id='word_1_893' title='bbox 1652 4289 1682 4333; x_wconf 91' lang='lat' dir='ltr'><strong>ut</strong></span> <span class='ocrx_word' id='word_1_894' title='bbox 1692 4287 1718 4335; x_wconf 89' lang='lat' dir='ltr'><strong>in</strong></span> <span class='ocrx_word' id='word_1_895' title='bbox 1730 4285 1835 4346; x_wconf 89' lang='lat' dir='ltr'><strong>propris</strong></span> 
     </span>
     <span class='ocr_line' id='line_1_57' title="bbox 86 4352 1833 4422; baseline -0.006 -12"><span class='ocrx_word' id='word_1_896' title='bbox 86 4361 211 4420; x_wconf 84' lang='lat' dir='ltr'><strong>denique</strong></span> <span class='ocrx_word' id='word_1_897' title='bbox 233 4360 289 4418; x_wconf 91' lang='lat' dir='ltr'><strong>ipse</strong></span> <span class='ocrx_word' id='word_1_898' title='bbox 305 4360 355 4406; x_wconf 90' lang='lat' dir='ltr'><strong>crit</strong></span> <span class='ocrx_word' id='word_1_899' title='bbox 375 4360 553 4422; x_wconf 78' lang='lat' dir='ltr'><strong>appellandus,</strong></span> <span class='ocrx_word' id='word_1_900' title='bbox 575 4374 627 4407; x_wconf 89' lang='lat' dir='ltr'><strong>non</strong></span> <span class='ocrx_word' id='word_1_901' title='bbox 648 4361 679 4406; x_wconf 89' lang='lat' dir='ltr'><strong>ab</strong></span> <span class='ocrx_word' id='word_1_902' title='bbox 701 4374 733 4408; x_wconf 92' lang='lat' dir='ltr'><strong>eo</strong></span> <span class='ocrx_word' id='word_1_903' title='bbox 751 4358 953 4419; x_wconf 88' lang='lat' dir='ltr'><strong>provocandum.</strong></span> <span class='ocrx_word' id='word_1_904' title='bbox 988 4370 1074 4418; x_wconf 90' lang='lat' dir='ltr'><strong>causa,</strong></span> <span class='ocrx_word' id='word_1_905' title='bbox 1095 4356 1226 4418; x_wconf 89' lang='lat' dir='ltr'><strong>appellare</strong></span> <span class='ocrx_word' id='word_1_906' title='bbox 1237 4356 1321 4405; x_wconf 86' lang='lat' dir='ltr'><strong>debet.</strong></span> <span class='ocrx_word' id='word_1_907' title='bbox 1358 4359 1381 4417; x_wconf 58' lang='grc' dir='ltr'><strong>ἦ.</strong></span> <span class='ocrx_word' id='word_1_908' title='bbox 1392 4359 1415 4405; x_wconf 78' lang='grc'><strong>3.</strong></span> <span class='ocrx_word' id='word_1_909' title='bbox 1437 4356 1464 4403; x_wconf 79' lang='lat' dir='ltr'><strong>Si</strong></span> <span class='ocrx_word' id='word_1_910' title='bbox 1478 4369 1524 4416; x_wconf 92' lang='lat' dir='ltr'><strong>pro</strong></span> <span class='ocrx_word' id='word_1_911' title='bbox 1535 4368 1576 4418; x_wconf 91' lang='lat' dir='ltr'><strong>eo,</strong></span> <span class='ocrx_word' id='word_1_912' title='bbox 1596 4355 1640 4415; x_wconf 85' lang='lat' dir='ltr'><strong>qui</strong></span> <span class='ocrx_word' id='word_1_913' title='bbox 1651 4355 1735 4414; x_wconf 87' lang='lat' dir='ltr'><strong>capite</strong></span> <span class='ocrx_word' id='word_1_914' title='bbox 1746 4352 1833 4413; x_wconf 88' lang='lat' dir='ltr'><strong>puniri</strong></span> 
     </span>
     <span class='ocr_line' id='line_1_58' title="bbox 85 4418 1833 4492; baseline -0.005 -16"><span class='ocrx_word' id='word_1_915' title='bbox 85 4433 114 4492; x_wconf 62' lang='grc' dir='ltr'><strong>ς.</strong></span> <span class='ocrx_word' id='word_1_916' title='bbox 122 4432 151 4476; x_wconf 78' lang='grc' dir='ltr'><strong>ι.</strong></span> <span class='ocrx_word' id='word_1_917' title='bbox 167 4428 219 4475; x_wconf 86' lang='lat' dir='ltr'><strong>Sed</strong></span> <span class='ocrx_word' id='word_1_918' title='bbox 231 4431 257 4474; x_wconf 94' lang='lat' dir='ltr'><strong>et</strong></span> <span class='ocrx_word' id='word_1_919' title='bbox 264 4427 401 4475; x_wconf 82' lang='lat' dir='ltr'><strong>slPraeses</strong></span> <span class='ocrx_word' id='word_1_920' title='bbox 412 4428 440 4474; x_wconf 91' lang='lat' dir='ltr'><strong>in</strong></span> <span class='ocrx_word' id='word_1_921' title='bbox 451 4427 542 4474; x_wconf 89' lang='lat' dir='ltr'><strong>ordine</strong></span> <span class='ocrx_word' id='word_1_922' title='bbox 553 4428 640 4485; x_wconf 86' lang='lat' dir='ltr'><strong>luerit,</strong></span> <span class='ocrx_word' id='word_1_923' title='bbox 651 4427 745 4476; x_wconf 84' lang='lat' dir='ltr'><strong>uttierl</strong></span> <span class='ocrx_word' id='word_1_924' title='bbox 753 4427 862 4487; x_wconf 87' lang='lat' dir='ltr'><strong>adsolet,</strong></span> <span class='ocrx_word' id='word_1_925' title='bbox 875 4439 952 4486; x_wconf 80' lang='lat' dir='ltr'><strong>quum</strong></span> <span class='ocrx_word' id='word_1_926' title='bbox 988 4426 1073 4473; x_wconf 89' lang='lat' dir='ltr'><strong>iussus</strong></span> <span class='ocrx_word' id='word_1_927' title='bbox 1084 4430 1132 4487; x_wconf 87' lang='lat' dir='ltr'><strong>est,</strong></span> <span class='ocrx_word' id='word_1_928' title='bbox 1145 4425 1291 4483; x_wconf 79' lang='lat' dir='ltr'><strong>necesspria</strong></span> <span class='ocrx_word' id='word_1_929' title='bbox 1301 4437 1413 4484; x_wconf 87' lang='lat' dir='ltr'><strong>persona</strong></span> <span class='ocrx_word' id='word_1_930' title='bbox 1424 4425 1544 4487; x_wconf 88' lang='lat' dir='ltr'><strong>appellet,</strong></span> <span class='ocrx_word' id='word_1_931' title='bbox 1566 4435 1598 4470; x_wconf 91' lang='lat' dir='ltr'><strong>an</strong></span> <span class='ocrx_word' id='word_1_932' title='bbox 1612 4423 1689 4472; x_wconf 90' lang='lat' dir='ltr'><strong>tertis</strong></span> <span class='ocrx_word' id='word_1_933' title='bbox 1699 4422 1739 4469; x_wconf 88' lang='lat' dir='ltr'><strong>die</strong></span> <span class='ocrx_word' id='word_1_934' title='bbox 1751 4418 1833 4468; x_wconf 86' lang='lat' dir='ltr'><strong>audiri</strong></span> 
     </span>
     <span class='ocr_line' id='line_1_59' title="bbox 86 4491 1834 4557; baseline -0.006 -12"><span class='ocrx_word' id='word_1_935' title='bbox 86 4499 125 4546; x_wconf 85' lang='lat' dir='ltr'><strong>ab</strong></span> <span class='ocrx_word' id='word_1_936' title='bbox 135 4496 372 4544; x_wconf 86' lang='lat' dir='ltr'><strong>ordineorearetur</strong></span> <span class='ocrx_word' id='word_1_937' title='bbox 380 4496 446 4555; x_wconf 84' lang='lat' dir='ltr'><strong>quis,</strong></span> <span class='ocrx_word' id='word_1_938' title='bbox 458 4496 511 4555; x_wconf 87' lang='lat' dir='ltr'><strong>lpse</strong></span> <span class='ocrx_word' id='word_1_939' title='bbox 523 4494 572 4541; x_wconf 90' lang='lat' dir='ltr'><strong>erit</strong></span> <span class='ocrx_word' id='word_1_940' title='bbox 583 4496 771 4557; x_wconf 88' lang='lat' dir='ltr'><strong>provocandus,</strong></span> <span class='ocrx_word' id='word_1_941' title='bbox 779 4493 853 4554; x_wconf 83' lang='lat' dir='ltr'><strong>quusi</strong></span> <span class='ocrx_word' id='word_1_942' title='bbox 866 4495 897 4541; x_wconf 92' lang='lat' dir='ltr'><strong>ab</strong></span> <span class='ocrx_word' id='word_1_943' title='bbox 908 4508 952 4541; x_wconf 91' lang='lat' dir='ltr'><strong>or·</strong></span> <span class='ocrx_word' id='word_1_944' title='bbox 988 4494 1079 4557; x_wconf 89' lang='lat' dir='ltr'><strong>possit,</strong></span> <span class='ocrx_word' id='word_1_945' title='bbox 1091 4494 1187 4541; x_wconf 83' lang='lat' dir='ltr'><strong>Paulus</strong></span> <span class='ocrx_word' id='word_1_946' title='bbox 1199 4492 1308 4541; x_wconf 90' lang='lat' dir='ltr'><strong>dubitat.</strong></span> <span class='ocrx_word' id='word_1_947' title='bbox 1322 4492 1373 4541; x_wconf 79' lang='lat' dir='ltr'><strong>Sed</strong></span> <span class='ocrx_word' id='word_1_948' title='bbox 1383 4492 1518 4541; x_wconf 87' lang='lat' dir='ltr'><strong>dicendum</strong></span> <span class='ocrx_word' id='word_1_949' title='bbox 1531 4494 1580 4553; x_wconf 85' lang='lat' dir='ltr'><strong>est,</strong></span> <span class='ocrx_word' id='word_1_950' title='bbox 1590 4491 1658 4539; x_wconf 81' lang='lat' dir='ltr'><strong>lianc</strong></span> <span class='ocrx_word' id='word_1_951' title='bbox 1668 4502 1834 4550; x_wconf 86' lang='lat' dir='ltr'><strong>qooqoeper·</strong></span> 
     </span>
     <span class='ocr_line' id='line_1_60' title="bbox 84 4557 1835 4625; baseline -0.006 -12"><span class='ocrx_word' id='word_1_952' title='bbox 84 4566 170 4624; x_wconf 88' lang='lat' dir='ltr'><strong>dine,</strong></span> <span class='ocrx_word' id='word_1_953' title='bbox 183 4576 236 4609; x_wconf 90' lang='lat' dir='ltr'><strong>non</strong></span> <span class='ocrx_word' id='word_1_954' title='bbox 248 4563 279 4609; x_wconf 89' lang='lat' dir='ltr'><strong>ab</strong></span> <span class='ocrx_word' id='word_1_955' title='bbox 290 4562 347 4622; x_wconf 91' lang='lat' dir='ltr'><strong>ipso</strong></span> <span class='ocrx_word' id='word_1_956' title='bbox 358 4563 402 4610; x_wconf 89' lang='lat' dir='ltr'><strong>liat</strong></span> <span class='ocrx_word' id='word_1_957' title='bbox 414 4562 566 4622; x_wconf 86' lang='lat' dir='ltr'><strong>appellatio.</strong></span> <span class='ocrx_word' id='word_1_958' title='bbox 596 4566 618 4625; x_wconf 64' lang='lat' dir='ltr'><strong>p.</strong></span> <span class='ocrx_word' id='word_1_959' title='bbox 631 4562 825 4610; x_wconf 69' lang='lat' dir='ltr'><strong>alimannie!</strong></span> <span class='ocrx_word' id='word_1_960' title='bbox 839 4562 952 4609; x_wconf 90' lang='lat' dir='ltr'><strong>triduum</strong></span> <span class='ocrx_word' id='word_1_961' title='bbox 988 4575 1086 4622; x_wconf 88' lang='lat' dir='ltr'><strong>sonam,</strong></span> <span class='ocrx_word' id='word_1_962' title='bbox 1105 4565 1134 4608; x_wconf 91' lang='lat' dir='ltr'><strong>ut</strong></span> <span class='ocrx_word' id='word_1_963' title='bbox 1147 4561 1173 4607; x_wconf 94' lang='lat' dir='ltr'><strong>ln</strong></span> <span class='ocrx_word' id='word_1_964' title='bbox 1186 4574 1217 4620; x_wconf 92' lang='lat' dir='ltr'><strong>pr</strong></span> <span class='ocrx_word' id='word_1_965' title='bbox 1268 4562 1274 4575; x_wconf 88' lang='lat'>’</span> <span class='ocrx_word' id='word_1_966' title='bbox 1301 4574 1396 4619; x_wconf 89' lang='lat' dir='ltr'><strong>causa,</strong></span> <span class='ocrx_word' id='word_1_967' title='bbox 1415 4557 1835 4619; x_wconf 87' lang='lat' dir='ltr'><strong>secundadiesppellaredebere,</strong></span> 
     </span>
     <span class='ocr_line' id='line_1_61' title="bbox 84 4626 1773 4694; baseline -0.006 -13"><span class='ocrx_word' id='word_1_968' title='bbox 84 4630 286 4694; x_wconf 88' lang='lat' dir='ltr'><strong>appellationis</strong></span> <span class='ocrx_word' id='word_1_969' title='bbox 307 4644 339 4677; x_wconf 82' lang='lat' dir='ltr'><strong>cx</strong></span> <span class='ocrx_word' id='word_1_970' title='bbox 362 4630 404 4677; x_wconf 93' lang='lat' dir='ltr'><strong>die</strong></span> <span class='ocrx_word' id='word_1_971' title='bbox 420 4631 568 4680; x_wconf 88' lang='lat' dir='ltr'><strong>sentcntiae</strong></span> <span class='ocrx_word' id='word_1_972' title='bbox 584 4631 653 4679; x_wconf 88' lang='lat' dir='ltr'><strong>latae</strong></span> <span class='ocrx_word' id='word_1_973' title='bbox 675 4630 873 4690; x_wconf 89' lang='lat' dir='ltr'><strong>computandum</strong></span> <span class='ocrx_word' id='word_1_974' title='bbox 891 4630 950 4677; x_wconf 84' lang='lat' dir='ltr'><strong>crit.</strong></span> <span class='ocrx_word' id='word_1_975' title='bbox 988 4629 1046 4690; x_wconf 81' lang='lat' dir='ltr'><strong>qnia</strong></span> <span class='ocrx_word' id='word_1_976' title='bbox 1057 4631 1099 4691; x_wconf 87' lang='lat' dir='ltr'><strong>qui</strong></span> <span class='ocrx_word' id='word_1_977' title='bbox 1110 4629 1207 4679; x_wconf 87' lang='lat' dir='ltr'><strong>ausint</strong></span> <span class='ocrx_word' id='word_1_978' title='bbox 1305 4630 1378 4692; x_wconf 88' lang='lat' dir='ltr'><strong>dicit,</strong></span> <span class='ocrx_word' id='word_1_979' title='bbox 1390 4628 1520 4690; x_wconf 85' lang='lat' dir='ltr'><strong>propriam</strong></span> <span class='ocrx_word' id='word_1_980' title='bbox 1534 4638 1638 4674; x_wconf 88' lang='lat' dir='ltr'><strong>causam</strong></span> <span class='ocrx_word' id='word_1_981' title='bbox 1649 4626 1773 4681; x_wconf 78' lang='lat' dir='ltr'><strong>defendit.</strong></span> 
     </span>
     <span class='ocr_line' id='line_1_62' title="bbox 85 4693 1836 4759; baseline -0.004 -13"><span class='ocrx_word' id='word_1_982' title='bbox 85 4700 170 4759; x_wconf 79' lang='lat' dir='ltr'><strong>Quid</strong></span> <span class='ocrx_word' id='word_1_983' title='bbox 182 4712 255 4757; x_wconf 80' lang='lat' dir='ltr'><strong>ergo,</strong></span> <span class='ocrx_word' id='word_1_984' title='bbox 273 4697 295 4745; x_wconf 92' lang='lat' dir='ltr'><strong>si</strong></span> <span class='ocrx_word' id='word_1_985' title='bbox 307 4700 526 4747; x_wconf 84' lang='lat' dir='ltr'><strong>sententiaiuerit</strong></span> <span class='ocrx_word' id='word_1_986' title='bbox 538 4700 585 4746; x_wconf 90' lang='lat' dir='ltr'><strong>sub</strong></span> <span class='ocrx_word' id='word_1_987' title='bbox 596 4699 747 4747; x_wconf 90' lang='lat' dir='ltr'><strong>conditione</strong></span> <span class='ocrx_word' id='word_1_988' title='bbox 759 4699 842 4747; x_wconf 86' lang='lat' dir='ltr'><strong>dictat</strong></span> <span class='ocrx_word' id='word_1_989' title='bbox 864 4702 951 4745; x_wconf 89' lang='lat' dir='ltr'><strong>utrum</strong></span> <span class='ocrx_word' id='word_1_990' title='bbox 1037 4699 1083 4744; x_wconf 89' lang='grc' dir='ltr'>ιιι.</span> <span class='ocrx_word' id='word_1_991' title='bbox 1103 4695 1601 4758; x_wconf 74' lang='lat' dir='ltr'><strong>mmnero11.ueAppe11arvonrlne.</strong></span> <span class='ocrx_word' id='word_1_992' title='bbox 1613 4693 1681 4741; x_wconf 86' lang='lat' dir='ltr'><strong>illud</strong></span> <span class='ocrx_word' id='word_1_993' title='bbox 1690 4694 1836 4741; x_wconf 78' lang='lat' dir='ltr'><strong>videamus:</strong></span> 
     </span>
     <span class='ocr_line' id='line_1_63' title="bbox 82 4760 1836 4828; baseline -0.006 -10"><span class='ocrx_word' id='word_1_994' title='bbox 82 4782 127 4818; x_wconf 85' lang='lat' dir='ltr'><strong>ex</strong></span> <span class='ocrx_word' id='word_1_995' title='bbox 142 4766 191 4814; x_wconf 88' lang='lat' dir='ltr'><strong>die</strong></span> <span class='ocrx_word' id='word_1_996' title='bbox 202 4767 349 4815; x_wconf 88' lang='lat' dir='ltr'><strong>sententiae</strong></span> <span class='ocrx_word' id='word_1_997' title='bbox 359 4772 459 4826; x_wconf 88' lang='lat' dir='ltr'><strong>tempus</strong></span> <span class='ocrx_word' id='word_1_998' title='bbox 470 4770 647 4826; x_wconf 87' lang='lat' dir='ltr'><strong>computamus</strong></span> <span class='ocrx_word' id='word_1_999' title='bbox 657 4768 688 4814; x_wconf 90' lang='lat' dir='ltr'><strong>ad</strong></span> <span class='ocrx_word' id='word_1_1000' title='bbox 701 4768 898 4828; x_wconf 84' lang='lat' dir='ltr'><strong>appellandum,</strong></span> <span class='ocrx_word' id='word_1_1001' title='bbox 918 4779 951 4812; x_wconf 87' lang='lat' dir='ltr'><strong>an</strong></span> <span class='ocrx_word' id='word_1_1002' title='bbox 986 4766 1017 4826; x_wconf 92' lang='lat' dir='ltr'><strong>si,</strong></span> <span class='ocrx_word' id='word_1_1003' title='bbox 1028 4779 1106 4826; x_wconf 82' lang='lat' dir='ltr'><strong>quom</strong></span> <span class='ocrx_word' id='word_1_1004' title='bbox 1118 4765 1273 4825; x_wconf 86' lang='lat' dir='ltr'><strong>imperatori</strong></span> <span class='ocrx_word' id='word_1_1005' title='bbox 1284 4766 1451 4828; x_wconf 88' lang='lat' dir='ltr'><strong>scriberetur,</strong></span> <span class='ocrx_word' id='word_1_1006' title='bbox 1463 4761 1609 4821; x_wconf 82' lang='lat' dir='ltr'><strong>exemptum</strong></span> <span class='ocrx_word' id='word_1_1007' title='bbox 1620 4761 1767 4808; x_wconf 85' lang='lat' dir='ltr'><strong>litterarum</strong></span> <span class='ocrx_word' id='word_1_1008' title='bbox 1779 4760 1836 4807; x_wconf 88' lang='lat' dir='ltr'><strong>liti-</strong></span> 
     </span>
     <span class='ocr_line' id='line_1_64' title="bbox 83 4829 1836 4896; baseline -0.007 -10"><span class='ocrx_word' id='word_1_1009' title='bbox 83 4849 164 4886; x_wconf 80' lang='lat' dir='ltr'><strong>vero</strong></span> <span class='ocrx_word' id='word_1_1010' title='bbox 177 4846 211 4881; x_wconf 81' lang='lat' dir='ltr'><strong>ex</strong></span> <span class='ocrx_word' id='word_1_1011' title='bbox 222 4833 274 4896; x_wconf 89' lang='lat' dir='ltr'><strong>die,</strong></span> <span class='ocrx_word' id='word_1_1012' title='bbox 285 4846 336 4894; x_wconf 87' lang='lat' dir='ltr'><strong>quo</strong></span> <span class='ocrx_word' id='word_1_1013' title='bbox 347 4835 464 4882; x_wconf 90' lang='lat' dir='ltr'><strong>conditio</strong></span> <span class='ocrx_word' id='word_1_1014' title='bbox 474 4835 623 4883; x_wconf 89' lang='lat' dir='ltr'><strong>sententiae</strong></span> <span class='ocrx_word' id='word_1_1015' title='bbox 633 4837 755 4883; x_wconf 81' lang='lat' dir='ltr'><strong>exstititl</strong></span> <span class='ocrx_word' id='word_1_1016' title='bbox 771 4837 839 4883; x_wconf 89' lang='lat' dir='ltr'><strong>Sane</strong></span> <span class='ocrx_word' id='word_1_1017' title='bbox 850 4833 951 4893; x_wconf 75' lang='lat' dir='ltr'><strong>quidem</strong></span> <span class='ocrx_word' id='word_1_1018' title='bbox 986 4835 1072 4894; x_wconf 84' lang='lat' dir='ltr'><strong>gatori</strong></span> <span class='ocrx_word' id='word_1_1019' title='bbox 1083 4836 1179 4883; x_wconf 87' lang='lat' dir='ltr'><strong>editum</strong></span> <span class='ocrx_word' id='word_1_1020' title='bbox 1201 4833 1245 4895; x_wconf 88' lang='lat' dir='ltr'><strong>sit,</strong></span> <span class='ocrx_word' id='word_1_1021' title='bbox 1266 4848 1349 4894; x_wconf 89' lang='lat' dir='ltr'><strong>neque</strong></span> <span class='ocrx_word' id='word_1_1022' title='bbox 1369 4834 1392 4881; x_wconf 94' lang='lat' dir='ltr'><strong>is</strong></span> <span class='ocrx_word' id='word_1_1023' title='bbox 1402 4829 1584 4893; x_wconf 83' lang='lat' dir='ltr'><strong>appellaverit,</strong></span> <span class='ocrx_word' id='word_1_1024' title='bbox 1604 4830 1629 4876; x_wconf 92' lang='lat' dir='ltr'><strong>et</strong></span> <span class='ocrx_word' id='word_1_1025' title='bbox 1640 4833 1730 4888; x_wconf 84' lang='lat' dir='ltr'><strong>postea</strong></span> <span class='ocrx_word' id='word_1_1026' title='bbox 1744 4834 1836 4875; x_wconf 87' lang='lat' dir='ltr'><strong>contra</strong></span> 
     </span>
     <span class='ocr_line' id='line_1_65' title="bbox 82 4896 1833 4963; baseline -0.007 -9"><span class='ocrx_word' id='word_1_1027' title='bbox 82 4919 150 4963; x_wconf 77' lang='lat' dir='ltr'><strong>nors</strong></span> <span class='ocrx_word' id='word_1_1028' title='bbox 165 4905 206 4951; x_wconf 91' lang='lat' dir='ltr'><strong>est</strong></span> <span class='ocrx_word' id='word_1_1029' title='bbox 218 4904 264 4950; x_wconf 88' lang='lat' dir='ltr'><strong>sub</strong></span> <span class='ocrx_word' id='word_1_1030' title='bbox 275 4903 426 4951; x_wconf 88' lang='lat' dir='ltr'><strong>conditione</strong></span> <span class='ocrx_word' id='word_1_1031' title='bbox 437 4904 571 4952; x_wconf 87' lang='lat' dir='ltr'><strong>sententia</strong></span> <span class='ocrx_word' id='word_1_1032' title='bbox 587 4902 709 4963; x_wconf 87' lang='lat' dir='ltr'><strong>dicenda;</strong></span> <span class='ocrx_word' id='word_1_1033' title='bbox 732 4904 777 4951; x_wconf 90' lang='lat' dir='ltr'><strong>sed</strong></span> <span class='ocrx_word' id='word_1_1034' title='bbox 788 4903 810 4950; x_wconf 88' lang='lat' dir='ltr'><strong>si</strong></span> <span class='ocrx_word' id='word_1_1035' title='bbox 825 4901 902 4949; x_wconf 88' lang='lat' dir='ltr'><strong>tuerit</strong></span> <span class='ocrx_word' id='word_1_1036' title='bbox 914 4902 952 4948; x_wconf 86' lang='lat' dir='ltr'><strong>di·</strong></span> <span class='ocrx_word' id='word_1_1037' title='bbox 986 4917 1043 4950; x_wconf 89' lang='lat' dir='ltr'><strong>eum</strong></span> <span class='ocrx_word' id='word_1_1038' title='bbox 1054 4905 1208 4962; x_wconf 88' lang='lat' dir='ltr'><strong>rescriptum</strong></span> <span class='ocrx_word' id='word_1_1039' title='bbox 1219 4901 1261 4963; x_wconf 89' lang='lat' dir='ltr'><strong>sit,</strong></span> <span class='ocrx_word' id='word_1_1040' title='bbox 1273 4916 1306 4950; x_wconf 90' lang='lat' dir='ltr'><strong>an</strong></span> <span class='ocrx_word' id='word_1_1041' title='bbox 1317 4902 1448 4962; x_wconf 88' lang='lat' dir='ltr'><strong>appellare</strong></span> <span class='ocrx_word' id='word_1_1042' title='bbox 1458 4897 1584 4947; x_wconf 89' lang='lat' dir='ltr'><strong>alitteris</strong></span> <span class='ocrx_word' id='word_1_1043' title='bbox 1594 4896 1833 4956; x_wconf 86' lang='lat' dir='ltr'><strong>pridemsibieditis</strong></span> 
     </span>
     <span class='ocr_line' id='line_1_66' title="bbox 82 4965 1834 5034; baseline -0.006 -12"><span class='ocrx_word' id='word_1_1044' title='bbox 82 4979 148 5034; x_wconf 83' lang='lat' dir='ltr'><strong>cta,</strong></span> <span class='ocrx_word' id='word_1_1045' title='bbox 168 4969 229 5033; x_wconf 88' lang='lat' dir='ltr'><strong>quid</strong></span> <span class='ocrx_word' id='word_1_1046' title='bbox 239 4969 302 5017; x_wconf 84' lang='lat' dir='ltr'><strong>lietl</strong></span> <span class='ocrx_word' id='word_1_1047' title='bbox 320 4970 356 5016; x_wconf 84' lang='lat' dir='ltr'><strong>Et</strong></span> <span class='ocrx_word' id='word_1_1048' title='bbox 366 4974 406 5019; x_wconf 90' lang='lat' dir='ltr'><strong>est</strong></span> <span class='ocrx_word' id='word_1_1049' title='bbox 417 4972 490 5033; x_wconf 85' lang='lat' dir='ltr'><strong>utile,</strong></span> <span class='ocrx_word' id='word_1_1050' title='bbox 501 4972 589 5019; x_wconf 90' lang='lat' dir='ltr'><strong>statim</strong></span> <span class='ocrx_word' id='word_1_1051' title='bbox 601 4975 718 5031; x_wconf 85' lang='lat' dir='ltr'><strong>tempora</strong></span> <span class='ocrx_word' id='word_1_1052' title='bbox 728 4972 760 5019; x_wconf 87' lang='lat' dir='ltr'><strong>ad</strong></span> <span class='ocrx_word' id='word_1_1053' title='bbox 771 4970 951 5032; x_wconf 86' lang='lat' dir='ltr'><strong>appellandum</strong></span> <span class='ocrx_word' id='word_1_1054' title='bbox 987 4970 1086 5031; x_wconf 82' lang='lat' dir='ltr'><strong>possiti</strong></span> <span class='ocrx_word' id='word_1_1055' title='bbox 1109 4972 1169 5030; x_wconf 81' lang='lat' dir='ltr'><strong>quia</strong></span> <span class='ocrx_word' id='word_1_1056' title='bbox 1179 4969 1221 5031; x_wconf 89' lang='lat' dir='ltr'><strong>qul</strong></span> <span class='ocrx_word' id='word_1_1057' title='bbox 1234 4973 1296 5016; x_wconf 88' lang='lat' dir='ltr'><strong>lunc</strong></span> <span class='ocrx_word' id='word_1_1058' title='bbox 1307 4983 1359 5017; x_wconf 93' lang='lat' dir='ltr'><strong>non</strong></span> <span class='ocrx_word' id='word_1_1059' title='bbox 1371 4968 1522 5030; x_wconf 83' lang='lat' dir='ltr'><strong>appellarit,</strong></span> <span class='ocrx_word' id='word_1_1060' title='bbox 1538 4979 1601 5014; x_wconf 88' lang='lat' dir='ltr'><strong>vera</strong></span> <span class='ocrx_word' id='word_1_1061' title='bbox 1612 4977 1679 5022; x_wconf 88' lang='lat' dir='ltr'><strong>esse,</strong></span> <span class='ocrx_word' id='word_1_1062' title='bbox 1692 4978 1757 5025; x_wconf 85' lang='lat' dir='ltr'><strong>quae</strong></span> <span class='ocrx_word' id='word_1_1063' title='bbox 1769 4965 1834 5012; x_wconf 90' lang='lat' dir='ltr'><strong>scri-</strong></span> 
     </span>
     <span class='ocr_line' id='line_1_67' title="bbox 83 5032 1834 5101; baseline -0.005 -13"><span class='ocrx_word' id='word_1_1064' title='bbox 83 5039 248 5099; x_wconf 90' lang='lat' dir='ltr'><strong>computari</strong></span> <span class='ocrx_word' id='word_1_1065' title='bbox 259 5038 361 5087; x_wconf 86' lang='lat' dir='ltr'><strong>debere.</strong></span> <span class='ocrx_word' id='word_1_1066' title='bbox 374 5042 397 5100; x_wconf 69' lang='grc' dir='ltr'><strong>ς.</strong></span> <span class='ocrx_word' id='word_1_1067' title='bbox 412 5044 434 5087; x_wconf 80' lang='grc' dir='ltr'><strong>ι.</strong></span> <span class='ocrx_word' id='word_1_1068' title='bbox 448 5040 524 5094; x_wconf 71' lang='lat' dir='ltr'><strong>Quod</strong></span> <span class='ocrx_word' id='word_1_1069' title='bbox 536 5040 563 5086; x_wconf 91' lang='lat' dir='ltr'><strong>in</strong></span> <span class='ocrx_word' id='word_1_1070' title='bbox 575 5040 713 5087; x_wconf 84' lang='lat' dir='ltr'><strong>sententiis</strong></span> <span class='ocrx_word' id='word_1_1071' title='bbox 725 5043 890 5100; x_wconf 85' lang='lat' dir='ltr'><strong>pracceptum</strong></span> <span class='ocrx_word' id='word_1_1072' title='bbox 902 5041 950 5101; x_wconf 88' lang='lat' dir='ltr'><strong>cst,</strong></span> <span class='ocrx_word' id='word_1_1073' title='bbox 987 5043 1033 5100; x_wconf 88' lang='lat' dir='ltr'><strong>pta</strong></span> <span class='ocrx_word' id='word_1_1074' title='bbox 1044 5042 1113 5097; x_wconf 90' lang='lat' dir='ltr'><strong>sunt,</strong></span> <span class='ocrx_word' id='word_1_1075' title='bbox 1134 5038 1420 5099; x_wconf 68' lang='lat' dir='ltr'><strong>consensissevidetur,</strong></span> <span class='ocrx_word' id='word_1_1076' title='bbox 1441 5050 1489 5086; x_wconf 89' lang='lat' dir='ltr'><strong>nec</strong></span> <span class='ocrx_word' id='word_1_1077' title='bbox 1499 5032 1641 5083; x_wconf 85' lang='lat' dir='ltr'><strong>audiendus</strong></span> <span class='ocrx_word' id='word_1_1078' title='bbox 1652 5038 1700 5096; x_wconf 90' lang='lat' dir='ltr'><strong>est,</strong></span> <span class='ocrx_word' id='word_1_1079' title='bbox 1721 5033 1834 5097; x_wconf 89' lang='lat' dir='ltr'><strong>sidicat,</strong></span> 
     </span>
     <span class='ocr_line' id='line_1_68' title="bbox 82 5105 1531 5170; baseline -0.005 -12"><span class='ocrx_word' id='word_1_1080' title='bbox 82 5116 120 5158; x_wconf 85' lang='lat' dir='ltr'><strong>ut</strong></span> <span class='ocrx_word' id='word_1_1081' title='bbox 136 5108 184 5155; x_wconf 85' lang='lat' dir='ltr'><strong>vel</strong></span> <span class='ocrx_word' id='word_1_1082' title='bbox 196 5107 281 5154; x_wconf 87' lang='lat' dir='ltr'><strong>altera</strong></span> <span class='ocrx_word' id='word_1_1083' title='bbox 292 5107 342 5170; x_wconf 88' lang='lat' dir='ltr'><strong>die,</strong></span> <span class='ocrx_word' id='word_1_1084' title='bbox 363 5107 407 5155; x_wconf 91' lang='lat' dir='ltr'><strong>vel</strong></span> <span class='ocrx_word' id='word_1_1085' title='bbox 418 5109 496 5156; x_wconf 86' lang='lat' dir='ltr'><strong>tertia</strong></span> <span class='ocrx_word' id='word_1_1086' title='bbox 507 5111 673 5170; x_wconf 83' lang='lat' dir='ltr'><strong>provocetur,</strong></span> <span class='ocrx_word' id='word_1_1087' title='bbox 694 5108 744 5155; x_wconf 82' lang='lat' dir='ltr'><strong>lroc</strong></span> <span class='ocrx_word' id='word_1_1088' title='bbox 754 5107 831 5155; x_wconf 88' lang='lat' dir='ltr'><strong>etiam</strong></span> <span class='ocrx_word' id='word_1_1089' title='bbox 844 5106 870 5154; x_wconf 92' lang='lat' dir='ltr'><strong>in</strong></span> <span class='ocrx_word' id='word_1_1090' title='bbox 882 5110 951 5155; x_wconf 91' lang='lat' dir='ltr'><strong>cete·</strong></span> <span class='ocrx_word' id='word_1_1091' title='bbox 986 5112 1109 5158; x_wconf 90' lang='lat' dir='ltr'><strong>eventum</strong></span> <span class='ocrx_word' id='word_1_1092' title='bbox 1119 5107 1238 5166; x_wconf 82' lang='lat' dir='ltr'><strong>rescripti</strong></span> <span class='ocrx_word' id='word_1_1093' title='bbox 1250 5105 1317 5155; x_wconf 89' lang='lat' dir='ltr'><strong>sacri</strong></span> <span class='ocrx_word' id='word_1_1094' title='bbox 1328 5119 1356 5153; x_wconf 89' lang='lat' dir='ltr'><strong>se</strong></span> <span class='ocrx_word' id='word_1_1095' title='bbox 1367 5105 1531 5154; x_wconf 86' lang='lat' dir='ltr'><strong>sustinuisse.</strong></span> 
     </span>
     <span class='ocr_line' id='line_1_69' title="bbox 79 5175 952 5236; baseline -0.005 -11"><span class='ocrx_word' id='word_1_1096' title='bbox 79 5178 130 5226; x_wconf 82' lang='lat' dir='ltr'><strong>ris</strong></span> <span class='ocrx_word' id='word_1_1097' title='bbox 145 5175 351 5233; x_wconf 76' lang='lat' dir='ltr'><strong>observandum,</strong></span> <span class='ocrx_word' id='word_1_1098' title='bbox 373 5188 407 5223; x_wconf 85' lang='lat' dir='ltr'><strong>ex</strong></span> <span class='ocrx_word' id='word_1_1099' title='bbox 419 5176 511 5235; x_wconf 86' lang='lat' dir='ltr'><strong>quibus</strong></span> <span class='ocrx_word' id='word_1_1100' title='bbox 521 5176 654 5224; x_wconf 89' lang='lat' dir='ltr'><strong>sententia</strong></span> <span class='ocrx_word' id='word_1_1101' title='bbox 670 5176 772 5234; x_wconf 87' lang='lat' dir='ltr'><strong>quidem</strong></span> <span class='ocrx_word' id='word_1_1102' title='bbox 785 5189 837 5224; x_wconf 90' lang='lat' dir='ltr'><strong>non</strong></span> <span class='ocrx_word' id='word_1_1103' title='bbox 849 5178 952 5236; x_wconf 87' lang='lat' dir='ltr'><strong>proler-</strong></span> 
     </span>
     <span class='ocr_line' id='line_1_70' title="bbox 79 5239 1481 5308; baseline -0.004 -16"><span class='ocrx_word' id='word_1_1104' title='bbox 79 5250 147 5308; x_wconf 82' lang='lat' dir='ltr'><strong>tur,</strong></span> <span class='ocrx_word' id='word_1_1105' title='bbox 174 5243 301 5303; x_wconf 90' lang='lat' dir='ltr'><strong>appellari</strong></span> <span class='ocrx_word' id='word_1_1106' title='bbox 313 5248 398 5292; x_wconf 84' lang='lat' dir='ltr'><strong>tamen</strong></span> <span class='ocrx_word' id='word_1_1107' title='bbox 411 5248 534 5304; x_wconf 87' lang='lat' dir='ltr'><strong>oportere</strong></span> <span class='ocrx_word' id='word_1_1108' title='bbox 544 5247 570 5293; x_wconf 93' lang='lat' dir='ltr'><strong>et</strong></span> <span class='ocrx_word' id='word_1_1109' title='bbox 582 5258 672 5306; x_wconf 87' lang='lat' dir='ltr'><strong>posse,</strong></span> <span class='ocrx_word' id='word_1_1110' title='bbox 693 5245 949 5304; x_wconf 85' lang='lat' dir='ltr'><strong>snprurclatumest.</strong></span> <span class='ocrx_word' id='word_1_1111' title='bbox 1002 5248 1008 5257; x_wconf 90' lang='grc'><strong><em>·</em></strong></span> <span class='ocrx_word' id='word_1_1112' title='bbox 1330 5239 1419 5302; x_wconf 76' lang='lat' dir='ltr'><strong>TIT,</strong></span> <span class='ocrx_word' id='word_1_1113' title='bbox 1445 5241 1481 5299; x_wconf 77' lang='lat' dir='ltr'><strong>V,</strong></span> 
     </span>
    </p>
   </div>
   <div class='ocr_carea' id='block_1_3' title="bbox 78 5311 1076 5393">
    <p class='ocr_par' dir='ltr' id='par_1_7' title="bbox 77 5311 1790 5441">
     <span class='ocr_line' id='line_1_71' title="bbox 78 5311 1076 5393; baseline -0.002 33.998"><span class='ocrx_word' id='word_1_1114' title='bbox 78 5311 950 5375; x_wconf 62' lang='grc' dir='ltr'><strong>ι</strong></span> <span class='ocrx_word' id='word_1_1115' title='bbox 1029 5339 1790 5393; x_wconf 88' lang='grc' dir='ltr'><strong>Η</strong></span> 
     </span>
    </p>
   </div>
   <div class='ocr_carea' id='block_1_4' title="bbox 68 5438 1838 5905">
    <p class='ocr_par' dir='ltr' id='par_1_8' title="bbox 75 5438 1836 5511">
     <span class='ocr_line' id='line_1_72' title="bbox 75 5438 1836 5511; baseline -0.007 -16"><span class='ocrx_word' id='word_1_1116' title='bbox 75 5448 267 5508; x_wconf 82' lang='lat' dir='ltr'><strong>provocatur,</strong></span> <span class='ocrx_word' id='word_1_1117' title='bbox 278 5448 417 5506; x_wconf 79' lang='lat' dir='ltr'><strong>coplanon</strong></span> <span class='ocrx_word' id='word_1_1118' title='bbox 428 5447 515 5511; x_wconf 84' lang='lat' dir='ltr'><strong>tuerit,</strong></span> <span class='ocrx_word' id='word_1_1119' title='bbox 527 5452 557 5495; x_wconf 91' lang='lat' dir='ltr'><strong>ut</strong></span> <span class='ocrx_word' id='word_1_1120' title='bbox 567 5449 591 5496; x_wconf 92' lang='lat' dir='ltr'><strong>ei</strong></span> <span class='ocrx_word' id='word_1_1121' title='bbox 603 5448 686 5495; x_wconf 89' lang='lat' dir='ltr'><strong>libelli</strong></span> <span class='ocrx_word' id='word_1_1122' title='bbox 698 5450 809 5507; x_wconf 72' lang='lat' dir='ltr'><strong>dentur,</strong></span> <span class='ocrx_word' id='word_1_1123' title='bbox 822 5447 950 5496; x_wconf 87' lang='lat' dir='ltr'><strong>aitenlm:</strong></span> <span class='ocrx_word' id='word_1_1124' title='bbox 1037 5448 1058 5493; x_wconf 86' lang='lat'><strong>1.</strong></span> <span class='ocrx_word' id='word_1_1125' title='bbox 1078 5447 1120 5495; x_wconf 78' lang='lat'><strong>111</strong></span> <span class='ocrx_word' id='word_1_1126' title='bbox 1120 5462 1141 5508; x_wconf 86' lang='lat' dir='ltr'><strong>p</strong></span> <span class='ocrx_word' id='word_1_1127' title='bbox 1150 5450 1208 5494; x_wconf 77' lang='lat' dir='ltr'><strong>iuss</strong></span> <span class='ocrx_word' id='word_1_1128' title='bbox 1216 5459 1251 5495; x_wconf 79' lang='lat' dir='ltr'><strong>as</strong></span> <span class='ocrx_word' id='word_1_1129' title='bbox 1267 5447 1336 5494; x_wconf 76' lang='lat' dir='ltr'><strong>libro</strong></span> <span class='ocrx_word' id='word_1_1130' title='bbox 1346 5444 1454 5494; x_wconf 76' lang='lat' dir='ltr'><em>XXIX.</em></span> <span class='ocrx_word' id='word_1_1131' title='bbox 1468 5447 1506 5493; x_wconf 80' lang='lat' dir='ltr'><strong>nrt</strong></span> <span class='ocrx_word' id='word_1_1132' title='bbox 1513 5445 1643 5493; x_wconf 79' lang='lat' dir='ltr'><strong>Edictum.</strong></span> <span class='ocrx_word' id='word_1_1133' title='bbox 1677 5444 1736 5490; x_wconf 83' lang='lat' dir='ltr'><strong>Non</strong></span> <span class='ocrx_word' id='word_1_1134' title='bbox 1750 5438 1836 5487; x_wconf 88' lang='lat' dir='ltr'><strong>solent</strong></span> 
     </span>
    </p>

    <p class='ocr_par' dir='ltr' id='par_1_9' title="bbox 76 5508 1837 5582">
     <span class='ocr_line' id='line_1_73' title="bbox 76 5508 1837 5582; baseline -0.005 -18"><span class='ocrx_word' id='word_1_1135' title='bbox 76 5518 110 5564; x_wconf 77' lang='grc' dir='ltr'><strong>ιι</strong></span> <span class='ocrx_word' id='word_1_1136' title='bbox 119 5513 186 5562; x_wconf 80' lang='lat' dir='ltr'><strong>dies</strong></span> <span class='ocrx_word' id='word_1_1137' title='bbox 194 5514 354 5575; x_wconf 68' lang='lat' dir='ltr'><strong>servamur,</strong></span> <span class='ocrx_word' id='word_1_1138' title='bbox 364 5533 414 5579; x_wconf 79' lang='lat' dir='ltr'><strong>qao</strong></span> <span class='ocrx_word' id='word_1_1139' title='bbox 421 5518 509 5579; x_wconf 80' lang='lat' dir='ltr'><strong>prtsro</strong></span> <span class='ocrx_word' id='word_1_1140' title='bbox 517 5517 630 5564; x_wconf 78' lang='lat' dir='ltr'><strong>aderadi</strong></span> <span class='ocrx_word' id='word_1_1141' title='bbox 632 5516 824 5582; x_wconf 82' lang='lat' dir='ltr'><strong>secultcsertt.</strong></span> <span class='ocrx_word' id='word_1_1142' title='bbox 834 5518 921 5573; x_wconf 72' lang='lat' dir='ltr'><strong>Quare</strong></span> <span class='ocrx_word' id='word_1_1143' title='bbox 929 5515 951 5562; x_wconf 91' lang='grc' dir='ltr'><strong>ιι</strong></span> <span class='ocrx_word' id='word_1_1144' title='bbox 987 5513 1073 5562; x_wconf 83' lang='lat' dir='ltr'><strong>audiri</strong></span> <span class='ocrx_word' id='word_1_1145' title='bbox 1095 5515 1267 5577; x_wconf 86' lang='lat' dir='ltr'><strong>appellantes,</strong></span> <span class='ocrx_word' id='word_1_1146' title='bbox 1288 5514 1340 5563; x_wconf 92' lang='lat' dir='ltr'><strong>nisi</strong></span> <span class='ocrx_word' id='word_1_1147' title='bbox 1360 5515 1395 5577; x_wconf 89' lang='lat' dir='ltr'><strong>bi,</strong></span> <span class='ocrx_word' id='word_1_1148' title='bbox 1414 5527 1524 5574; x_wconf 83' lang='lat' dir='ltr'><strong>quorum</strong></span> <span class='ocrx_word' id='word_1_1149' title='bbox 1543 5513 1667 5572; x_wconf 88' lang='lat' dir='ltr'><strong>interest,</strong></span> <span class='ocrx_word' id='word_1_1150' title='bbox 1688 5510 1728 5572; x_wconf 84' lang='lat' dir='ltr'><strong>vel</strong></span> <span class='ocrx_word' id='word_1_1151' title='bbox 1746 5508 1837 5569; x_wconf 74' lang='lat' dir='ltr'><strong>quibus</strong></span> 
     </span>
    </p>

    <p class='ocr_par' dir='ltr' id='par_1_10' title="bbox 74 5581 1831 5646">
     <span class='ocr_line' id='line_1_74' title="bbox 74 5581 1831 5646; baseline -0.001 -14"><span class='ocrx_word' id='word_1_1152' title='bbox 74 5584 169 5632; x_wconf 71' lang='lat' dir='ltr'><strong>torte</strong></span> <span class='ocrx_word' id='word_1_1153' title='bbox 190 5585 251 5640; x_wconf 92' lang='lat' dir='ltr'><strong>post</strong></span> <span class='ocrx_word' id='word_1_1154' title='bbox 260 5584 415 5632; x_wconf 88' lang='lat' dir='ltr'><strong>sententiam</strong></span> <span class='ocrx_word' id='word_1_1155' title='bbox 428 5584 516 5632; x_wconf 88' lang='lat' dir='ltr'><strong>statim</strong></span> <span class='ocrx_word' id='word_1_1156' title='bbox 528 5584 623 5632; x_wconf 86' lang='lat' dir='ltr'><strong>dietam</strong></span> <span class='ocrx_word' id='word_1_1157' title='bbox 634 5584 735 5643; x_wconf 87' lang='lat' dir='ltr'><strong>cupiam</strong></span> <span class='ocrx_word' id='word_1_1158' title='bbox 745 5583 785 5632; x_wconf 88' lang='lat' dir='ltr'><strong>sni</strong></span> <span class='ocrx_word' id='word_1_1159' title='bbox 798 5597 850 5631; x_wconf 92' lang='lat' dir='ltr'><strong>non</strong></span> <span class='ocrx_word' id='word_1_1160' title='bbox 862 5584 952 5631; x_wconf 83' lang='lat' dir='ltr'><strong>lecerit</strong></span> <span class='ocrx_word' id='word_1_1161' title='bbox 988 5581 1131 5629; x_wconf 85' lang='lat' dir='ltr'><strong>mandatum</strong></span> <span class='ocrx_word' id='word_1_1162' title='bbox 1140 5585 1189 5642; x_wconf 90' lang='lat' dir='ltr'><strong>est,</strong></span> <span class='ocrx_word' id='word_1_1163' title='bbox 1200 5583 1242 5630; x_wconf 85' lang='lat' dir='ltr'><strong>val</strong></span> <span class='ocrx_word' id='word_1_1164' title='bbox 1253 5582 1296 5640; x_wconf 79' lang='lat' dir='ltr'><strong>qui</strong></span> <span class='ocrx_word' id='word_1_1165' title='bbox 1308 5585 1444 5643; x_wconf 77' lang='lat' dir='ltr'><strong>negotium</strong></span> <span class='ocrx_word' id='word_1_1166' title='bbox 1455 5585 1569 5635; x_wconf 81' lang='lat' dir='ltr'><strong>alienum</strong></span> <span class='ocrx_word' id='word_1_1167' title='bbox 1579 5586 1682 5646; x_wconf 74' lang='lat' dir='ltr'><strong>gerunt,</strong></span> <span class='ocrx_word' id='word_1_1168' title='bbox 1693 5583 1760 5640; x_wconf 81' lang='lat' dir='ltr'><strong>quod</strong></span> <span class='ocrx_word' id='word_1_1169' title='bbox 1768 5593 1831 5629; x_wconf 79' lang='lat' dir='ltr'><strong>mox</strong></span> 
     </span>
    </p>

    <p class='ocr_par' dir='ltr' id='par_1_11' title="bbox 72 5647 1833 5717">
     <span class='ocr_line' id='line_1_75' title="bbox 72 5647 1833 5717; baseline -0.002 -18"><span class='ocrx_word' id='word_1_1170' title='bbox 72 5652 118 5712; x_wconf 88' lang='grc' dir='ltr'><strong>ιι,</strong></span> <span class='ocrx_word' id='word_1_1171' title='bbox 134 5649 186 5709; x_wconf 82' lang='lat' dir='ltr'><strong>qui</strong></span> <span class='ocrx_word' id='word_1_1172' title='bbox 199 5651 389 5715; x_wconf 86' lang='lat' dir='ltr'><strong>pronuntiarit,</strong></span> <span class='ocrx_word' id='word_1_1173' title='bbox 400 5657 427 5699; x_wconf 92' lang='lat' dir='ltr'><strong>ut</strong></span> <span class='ocrx_word' id='word_1_1174' title='bbox 438 5653 495 5700; x_wconf 82' lang='lat' dir='ltr'><strong>deri</strong></span> <span class='ocrx_word' id='word_1_1175' title='bbox 507 5652 615 5715; x_wconf 86' lang='lat' dir='ltr'><strong>adsolet,</strong></span> <span class='ocrx_word' id='word_1_1176' title='bbox 626 5652 760 5700; x_wconf 87' lang='lat' dir='ltr'><strong>dicendum</strong></span> <span class='ocrx_word' id='word_1_1177' title='bbox 770 5655 819 5717; x_wconf 85' lang='lat' dir='ltr'><strong>est,</strong></span> <span class='ocrx_word' id='word_1_1178' title='bbox 830 5650 896 5697; x_wconf 88' lang='lat' dir='ltr'><strong>nibil</strong></span> <span class='ocrx_word' id='word_1_1179' title='bbox 905 5665 952 5698; x_wconf 87' lang='lat' dir='ltr'><strong>no·</strong></span> <span class='ocrx_word' id='word_1_1180' title='bbox 989 5648 1197 5697; x_wconf 84' lang='lat' dir='ltr'><strong>ratnmbsbctur.</strong></span> <span class='ocrx_word' id='word_1_1181' title='bbox 1209 5653 1233 5712; x_wconf 64' lang='grc'><strong>5.</strong></span> <span class='ocrx_word' id='word_1_1182' title='bbox 1243 5653 1264 5698; x_wconf 86' lang='grc' dir='ltr'><strong>ι.</strong></span> <span class='ocrx_word' id='word_1_1183' title='bbox 1276 5652 1359 5698; x_wconf 78' lang='lat' dir='ltr'><strong>Sedet</strong></span> <span class='ocrx_word' id='word_1_1184' title='bbox 1367 5651 1389 5699; x_wconf 93' lang='lat' dir='ltr'><strong>sl</strong></span> <span class='ocrx_word' id='word_1_1185' title='bbox 1397 5657 1487 5714; x_wconf 82' lang='lat' dir='ltr'><strong>mater,</strong></span> <span class='ocrx_word' id='word_1_1186' title='bbox 1496 5667 1573 5713; x_wconf 79' lang='lat' dir='ltr'><strong>quum</strong></span> <span class='ocrx_word' id='word_1_1187' title='bbox 1581 5652 1630 5699; x_wconf 89' lang='lat' dir='ltr'><strong>tilii</strong></span> <span class='ocrx_word' id='word_1_1188' title='bbox 1638 5663 1692 5697; x_wconf 84' lang='lat' dir='ltr'><strong>rem</strong></span> <span class='ocrx_word' id='word_1_1189' title='bbox 1700 5647 1833 5697; x_wconf 83' lang='lat' dir='ltr'><strong>sentsatla</strong></span> 
     </span>
    </p>

    <p class='ocr_par' dir='ltr' id='par_1_12' title="bbox 71 5713 1838 5785">
     <span class='ocr_line' id='line_1_76' title="bbox 71 5713 1838 5785; baseline -0.004 -19"><span class='ocrx_word' id='word_1_1190' title='bbox 71 5730 154 5766; x_wconf 73' lang='lat' dir='ltr'><strong>cere</strong></span> <span class='ocrx_word' id='word_1_1191' title='bbox 174 5716 334 5778; x_wconf 85' lang='lat' dir='ltr'><strong>appellatori</strong></span> <span class='ocrx_word' id='word_1_1192' title='bbox 343 5735 350 5777; x_wconf 91' lang='lat'>;</span> <span class='ocrx_word' id='word_1_1193' title='bbox 370 5733 429 5768; x_wconf 88' lang='lat' dir='ltr'><strong>nam</strong></span> <span class='ocrx_word' id='word_1_1194' title='bbox 443 5720 488 5769; x_wconf 89' lang='lat' dir='ltr'><strong>ubi</strong></span> <span class='ocrx_word' id='word_1_1195' title='bbox 499 5721 611 5781; x_wconf 90' lang='lat' dir='ltr'><strong>primum</strong></span> <span class='ocrx_word' id='word_1_1196' title='bbox 629 5720 731 5780; x_wconf 84' lang='lat' dir='ltr'><strong>copiam</strong></span> <span class='ocrx_word' id='word_1_1197' title='bbox 748 5720 805 5768; x_wconf 91' lang='lat' dir='ltr'><strong>eius</strong></span> <span class='ocrx_word' id='word_1_1198' title='bbox 823 5718 952 5781; x_wconf 83' lang='lat' dir='ltr'><strong>babuerit,</strong></span> <span class='ocrx_word' id='word_1_1199' title='bbox 989 5730 1106 5766; x_wconf 88' lang='lat' dir='ltr'><strong>eversam</strong></span> <span class='ocrx_word' id='word_1_1200' title='bbox 1118 5719 1346 5785; x_wconf 88' lang='lat' dir='ltr'><strong>animadverteret,</strong></span> <span class='ocrx_word' id='word_1_1201' title='bbox 1357 5714 1649 5781; x_wconf 78' lang='lat' dir='ltr'><strong>prorocaverit,pietati</strong></span> <span class='ocrx_word' id='word_1_1202' title='bbox 1660 5713 1838 5761; x_wconf 81' lang='lat' dir='ltr'><strong>dandodicem·</strong></span> 
     </span>
    </p>

    <p class='ocr_par' dir='ltr' id='par_1_13' title="bbox 68 5781 1838 5905">
     <span class='ocr_line' id='line_1_77' title="bbox 68 5781 1838 5854; baseline -0.004 -20"><span class='ocrx_word' id='word_1_1203' title='bbox 68 5787 194 5850; x_wconf 73' lang='lat' dir='ltr'><strong>poterit</strong></span> <span class='ocrx_word' id='word_1_1204' title='bbox 211 5797 357 5845; x_wconf 87' lang='lat' dir='ltr'><strong>prorocare</strong></span> <span class='ocrx_word' id='word_1_1205' title='bbox 400 5788 471 5850; x_wconf 75' lang='lat' dir='ltr'><strong>Ergo</strong></span> <span class='ocrx_word' id='word_1_1206' title='bbox 489 5789 512 5837; x_wconf 92' lang='lat' dir='ltr'><strong>sl</strong></span> <span class='ocrx_word' id='word_1_1207' title='bbox 523 5790 611 5839; x_wconf 86' lang='lat' dir='ltr'><strong>statim</strong></span> <span class='ocrx_word' id='word_1_1208' title='bbox 626 5802 654 5839; x_wconf 91' lang='lat' dir='ltr'><strong>se</strong></span> <span class='ocrx_word' id='word_1_1209' title='bbox 664 5789 805 5854; x_wconf 82' lang='lat' dir='ltr'><strong>subduxit,</strong></span> <span class='ocrx_word' id='word_1_1210' title='bbox 828 5786 951 5838; x_wconf 84' lang='lat' dir='ltr'><strong>slmiliter</strong></span> <span class='ocrx_word' id='word_1_1211' title='bbox 990 5787 1049 5836; x_wconf 83' lang='lat' dir='ltr'><strong>darn</strong></span> <span class='ocrx_word' id='word_1_1212' title='bbox 1061 5789 1111 5851; x_wconf 88' lang='lat' dir='ltr'><strong>est,</strong></span> <span class='ocrx_word' id='word_1_1213' title='bbox 1132 5791 1159 5835; x_wconf 88' lang='lat' dir='ltr'><strong>et</strong></span> <span class='ocrx_word' id='word_1_1214' title='bbox 1169 5786 1236 5837; x_wconf 89' lang='lat' dir='ltr'><strong>bane</strong></span> <span class='ocrx_word' id='word_1_1215' title='bbox 1245 5788 1330 5838; x_wconf 83' lang='lat' dir='ltr'><strong>audiri</strong></span> <span class='ocrx_word' id='word_1_1216' title='bbox 1351 5789 1459 5848; x_wconf 72' lang='lat' dir='ltr'><strong>debere;‘</strong></span> <span class='ocrx_word' id='word_1_1217' title='bbox 1480 5793 1506 5837; x_wconf 88' lang='lat' dir='ltr'><strong>ct</strong></span> <span class='ocrx_word' id='word_1_1218' title='bbox 1517 5787 1539 5833; x_wconf 89' lang='lat' dir='ltr'><strong>si</strong></span> <span class='ocrx_word' id='word_1_1219' title='bbox 1551 5786 1625 5832; x_wconf 88' lang='lat' dir='ltr'><strong>litem</strong></span> <span class='ocrx_word' id='word_1_1220' title='bbox 1635 5781 1838 5843; x_wconf 84' lang='lat' dir='ltr'><strong>praeparandam</strong></span> 
     </span>
     <span class='ocr_line' id='line_1_78' title="bbox 1390 5856 1456 5905; baseline 0.015 -1"><span class='ocrx_word' id='word_1_1221' title='bbox 1390 5856 1456 5905; x_wconf 78' lang='lat' dir='ltr'><strong>nr·</strong></span> 
     </span>
    </p>
   </div>
   <div class='ocr_carea' id='block_1_5' title="bbox 0 0 2168 6418">
    <p class='ocr_par' dir='ltr' id='par_1_14' title="bbox 0 0 2168 6418">
     <span class='ocr_line' id='line_1_79' title="bbox 0 0 2168 6418; baseline 0 16"><span class='ocrx_word' id='word_1_1222' title='bbox 0 0 2168 6418; x_wconf 95' lang='lat' dir='ltr'><strong> </strong></span> 
     </span>
    </p>
   </div>
  </div>
 </body>
</html>
