4354 6424
318 410 353 462 ts
655 411 777 464 rNsr.
810 412 865 465 lV.
912 409 954 463 1o.
977 408 1018 465 ss.
1044 410 1085 463 12.
1107 411 1150 466 13.
1196 411 1257 464 Dii
1293 409 1713 471 nxcsrrrtonlssus.

323 565 414 599 rarusn
425 568 519 613 rerem,
528 551 616 608 qusuti
625 552 744 596 damnum
756 552 842 598 datum
853 552 896 613 sit,
904 551 985 610 dupli.
1004 552 1109 599 Praeter
1119 553 1165 599 bas

324 626 412 667 autem
431 620 562 666 aedilitias
578 618 693 663 actiones
710 622 736 664 et
758 619 789 663 de
807 619 929 678 pauperie
948 619 1032 666 locum
1046 620 1164 678 babebit;

326 701 458 746 nunquam
476 685 543 732 euim
561 686 691 743 actiones,
712 688 865 743 praesertim
880 687 1017 751 persenniae,
1035 688 1066 734 de
1078 688 1180 737 eadem,

329 769 358 801 re
369 757 562 813 concurrentes,
574 750 626 796 alia
637 752 713 798 aliam
726 755 861 800 eorrsumit.

366 938 416 982 DE
439 936 507 996 llS,
527 935 603 981 PER
625 854 886 988 0302&ngss
906 939 1129 986 Possumus,

377 1021 452 1064 Narro
467 1018 620 1064 admonendi
639 1034 739 1082 suiuus,
760 1036 836 1081 agere
847 1037 921 1081 posse
932 1023 1071 1082 quemlibet
1082 1024 1164 1068 borni-

326 1100 382 1132 nem
395 1089 438 1131 aut
450 1098 496 1130 suo
509 1087 627 1147 nornine,
640 1094 684 1133 aut
694 1090 790 1135 alieno.
822 1090 931 1153 Alieno,
949 1091 1028 1136 relati
1042 1104 1164 1147 procura-

326 1152 404 1210 torio,
416 1152 523 1214 tutorio,
538 1155 761 1217 curatorio,quunr
773 1158 834 1202 olim
847 1158 874 1202 in
886 1172 934 1202 usu
944 1158 1046 1217 fuisset,
1055 1157 1164 1202 alterius

325 1219 431 1267 nomine
448 1234 524 1277 agere
543 1234 595 1265 saon
606 1236 697 1279 posse,
719 1224 770 1268 nisi
782 1238 828 1281 pro
840 1226 953 1283 populo,
974 1239 1022 1283 pro
1033 1225 1164 1281 libertate,

325 1300 371 1346 pro
385 1287 474 1333 tutela.
515 1287 652 1334 Praeterea
669 1291 726 1347 lege
738 1291 851 1336 llostilia
868 1293 1017 1349 permissum
1035 1294 1090 1337 erat
1101 1291 1163 1337 turti

325 1367 402 1411 agere
412 1366 499 1400 eorum
513 1356 630 1411 nomine,
643 1358 685 1414 qui
698 1359 764 1414 apud
775 1359 862 1404 hostes
875 1365 971 1420 essetst,
983 1364 1028 1405 aut
1040 1358 1163 1416 reipubli-

326 1436 370 1467 cae
382 1434 459 1465 causa
470 1422 597 1482 abessent,
609 1425 686 1481 quire
697 1425 723 1469 in
736 1440 825 1471 eorum
839 1427 911 1471 cuias
923 1428 1004 1473 tutela
1016 1431 1113 1471 esseut.
1130 1426 1164 1470 Et

325 1489 450 1545 quiahoc
468 1501 522 1534 non
539 1490 668 1535 minimam
689 1492 926 1539 incommoditatem
951 1495 1074 1553 hesitabat,
1096 1492 1164 1551 quod

325 1555 413 1603 alieuo
425 1557 529 1601 nornine
539 1571 621 1616 aeque
632 1571 721 1620 agere,
735 1573 818 1618 neque
829 1561 951 1618 excipere
962 1562 1091 1607 actionem
1101 1560 1164 1605 lice-

326 1624 377 1681 bat,
390 1628 531 1680 coeperunt
542 1624 658 1670 homines
669 1639 714 1683 per
725 1632 906 1684 procuratores
916 1628 1030 1686 litigare.
1064 1628 1128 1672 Nam
1138 1628 1164 1672 et

232 1700 243 1719 0
326 1691 439 1749 morbus,
456 1694 481 1734 et
493 1697 571 1751 aetas,
583 1696 608 1737 et
621 1694 766 1738 necessaria
776 1696 961 1752 peregrinatio,
974 1696 1086 1753 itemque
1097 1694 1164 1739 aliae

327 1756 422 1803 ruttltue
443 1770 535 1804 caussae
551 1773 626 1817 saepe
649 1760 829 1818 impedimento
843 1767 922 1821 sunt,
943 1775 993 1820 quo
1009 1763 1095 1807 minus
1111 1774 1164 1806 rem

326 1838 397 1869 suasu
409 1826 514 1880 exsequi
528 1827 636 1883 possint.
658 1829 681 1885 5.
693 1830 714 1871 l.
727 1828 884 1875 Procurator
894 1830 1063 1887 nequeeerlis
1072 1827 1164 1887 restris,

327 1896 410 1939 ltaque
422 1894 558 1941 praesente
569 1888 726 1938 acret-suto,
741 1889 816 1932 iurato
828 1887 977 1945 plerumque
989 1891 1127 1948 ignorante
1138 1904 1169 1937 co

326 1951 504 1996 constituitur.
543 1954 692 2011 cuicunque
705 1955 771 1999 euim
784 1953 933 2011 permiseris
949 1969 1002 2002 rem
1014 1960 1082 2003 tuam
1094 1972 1170 2015 agere

325 2021 371 2065 aut
383 2019 534 2079 defendere,
556 2022 578 2066 is
595 2025 653 2066 tuus
666 2027 818 2079 procurator
834 2020 1001 2078 intelligitur.
1038 2026 1060 2082 5.
1073 2027 1096 2069 2.
1116 2026 1168 2069 Τιι-

326 2089 397 2131 ιοιιι
410 2089 435 2132 ιι
447 2090 579 2133 curatores
589 2089 798 2144 quemadmodum
810 2089 1018 2153 constituantur,
1034 2089 1117 2148 primo
1136 2090 1169 2136 li-

326 2156 374 2201 bro
385 2154 532 2212 expositum
546 2161 595 2201 est.

655 2265 837 2324 TlT.Xb

517 2348 977 2397 onssrrsnsrroursua

378 2428 583 2478 Satisdationum
600 2433 690 2478 modus
705 2434 772 2479 alius
789 2433 937 2491 antiquitati
955 2433 1065 2493 placuit,
1087 2430 1167 2477 alium

327 2511 374 2553 nos
383 2498 430 2544 itas
449 2512 494 2556 per
514 2513 586 2545 usum
602 2498 721 2557 amplexa
732 2505 780 2546 est.
811 2501 879 2547 Olim
890 2500 958 2547 enim
969 2502 991 2546 si
1003 2501 1030 2545 in
1042 2514 1095 2547 rem
1106 2512 1166 2556 age-

327 2566 414 2625 batur,
425 2566 550 2613 satisdare
561 2580 696 2625 possessor
707 2569 918 2625 compellebatur,
934 2572 974 2627 ut,
991 2568 1013 2612 si
1025 2567 1108 2612 rictus
1118 2578 1166 2611 nec

326 2644 380 2677 rem
392 2632 470 2690 ipsam
483 2635 648 2695 restitueret,
661 2647 709 2680 nec
720 2635 774 2680 litis
785 2636 991 2682 aestimationem
1002 2635 1072 2694 eius,
1093 2635 1166 2692 pote-

326 2704 379 2744 stas
393 2704 461 2745 esset
473 2701 580 2757 petitori
593 2705 637 2746 aut
650 2715 705 2746 errsn
717 2716 748 2747 eo
759 2703 867 2763 agendi,
884 2706 928 2748 aut
940 2716 995 2748 eum
1006 2699 1166 2747 fideiussori-

328 2767 373 2811 bus
384 2767 454 2823 eius,
467 2782 532 2822 utrae
543 2767 680 2814 satisdatio
691 2769 835 2826 appellator
846 2770 984 2816 iudicatum
996 2768 1073 2814 solui.
1094 2767 1166 2811 liade

326 2840 411 2881 autern
421 2833 459 2879 sie
469 2837 628 2893 appelletur,
640 2834 717 2880 lacile
728 2840 767 2881 est
780 2836 943 2895 intelligere;
965 2848 1073 2893 namque
1085 2834 1165 2893 stipi-

327 2901 428 2946 lnbatur
446 2902 517 2962 quis,
539 2909 568 2947 ut
582 2902 729 2947 solveretur
744 2902 810 2965 sibi,
831 2904 899 2962 quod
916 2903 997 2950 tuerit
1012 2902 1164 2947 iudicatum.

326 2968 497 3026 dlultomagis
509 2969 539 3029 is,
547 2969 589 3026 qul
602 2970 629 3015 in
639 2982 692 3014 rem
703 2971 808 3016 actione
819 2970 1030 3031 conveniebatur,
1039 2968 1165 3013 satisdare

326 3035 473 3095 cogebatur,
485 3037 506 3081 si
518 3037 605 3083 alieno
617 3036 723 3081 nonrine
733 3036 856 3084 iudicium
867 3037 1018 3105 accipiebpt.
1050 3037 1106 3095 lpse
1118 3046 1165 3079 au-

325 3106 390 3163 tem,
411 3102 455 3157 eut
467 3103 493 3148 iu
506 3116 559 3149 rem
570 3105 674 3163 agebat,
696 3103 718 3147 si
728 3116 775 3149 suo
788 3105 893 3151 nomine
903 3105 1020 3163 petebat,
1041 3102 1165 3148 satisdare

325 3182 378 3214 nors
390 3171 544 3226 corebatum
557 3174 711 3228 procurator
723 3184 784 3216 rere
795 3172 817 3216 si
831 3172 858 3216 in
864 3185 918 3217 rem
925 3170 1027 3231 agebat,
1040 3168 1165 3214 satisdare

324 3237 473 3298 iubebatur,
494 3243 574 3283 ratam
595 3252 649 3285 rens
670 3237 800 3283 dominum
821 3238 976 3284 babituram.
1016 3234 1164 3284 Periculum

325 3304 393 3348 euim
413 3309 484 3360 erat,
508 3318 540 3350 ue
556 3304 651 3350 iterum
668 3303 789 3350 dominus
804 3305 836 3351 de
852 3305 939 3351 eadem
951 3317 980 3349 re
991 3302 1163 3362 experiretur.

325 3370 435 3415 Tutores
456 3376 482 3417 et
499 3376 634 3418 curatores
652 3371 742 3418 eodem
759 3372 850 3431 modo,
872 3384 922 3430 qno
935 3373 960 3417 et
971 3374 1164 3428 procuratores,

324 3436 452 3483 satisdare
469 3438 575 3493 debere,
597 3439 675 3484 rerba
693 3438 771 3484 edicti
792 3438 937 3495 iaciebant,
961 3437 1006 3483 sed
1026 3434 1164 3494 aliquando

323 3501 365 3546 bis
376 3504 512 3559 agentibus
529 3505 667 3550 satisdatio
679 3506 868 3551 remittebatur.
902 3505 972 3549 llaec
983 3502 1020 3549 ita
1030 3504 1119 3562 erant,
1140 3499 1163 3546 si

326 3569 352 3613 in
368 3583 421 3614 reru
439 3571 571 3627 agebatur.
604 3574 626 3631 5.
648 3574 670 3616 1.
693 3571 721 3616 Si
739 3584 802 3618 rere
813 3571 840 3617 in
851 3583 1002 3632 personans,
1023 3567 1163 3614 abactoris

325 3634 427 3692 quidem
439 3640 510 3695 parte
522 3637 610 3683 cadem
622 3637 789 3701 obtinebant,
809 3650 874 3698 qnae
886 3638 1000 3685 diximus
1011 3635 1040 3681 in
1051 3635 1163 3696 actione,

325 3714 373 3759 qua
385 3701 410 3747 iu
422 3703 586 3761 resrsagitur3
609 3704 640 3749 ab
652 3704 708 3751 eius
718 3717 778 3751 reru
791 3708 872 3765 parte,
883 3718 940 3752 cum
950 3717 1001 3764 quo
1015 3703 1113 3764 agitur,
1127 3702 1163 3747 si-

325 3768 426 3827 quidem
437 3770 525 3816 alieno
537 3770 642 3818 tremine
652 3771 746 3828 aliquis
757 3771 946 3831 interveniret,
963 3770 1110 3817 omnimodo
1122 3781 1164 3815 sa-

325 3837 432 3897 tisdare,
444 3838 516 3896 (quia
526 3852 604 3885 sterno
616 3837 738 3884 tielenses
749 3839 775 3884 in
787 3839 874 3885 aliena
884 3852 913 3885 re
923 3838 981 3884 sine
992 3837 1163 3884 satisdatione

326 3903 434 3949 idoneus
445 3918 501 3951 esse
513 3903 636 3962 creditur)
647 3906 738 3962 quodsi
750 3907 855 3966 proprio
867 3907 972 3952 nornine
983 3904 1078 3961 aliquis
1094 3904 1162 3950 iudi·

325 3969 391 4016 cium
403 3971 544 4030 accipiebat
556 3974 583 4019 in
594 3986 739 4031 personam,
751 3973 891 4019 iudicatum
899 3971 1162 4019 solrisatlsdarenou

325 4038 472 4094 cogebatur.
505 4040 528 4099 5.
541 4044 565 4085 ι.
577 4039 629 4084 Sed
639 4040 702 4086 baec
713 4040 790 4087 bodie
801 4040 879 4086 aliter
890 4042 1069 4087 observantur.
1101 4040 1163 4086 Stre

324 4108 393 4149 euim
403 4104 460 4160 quis
472 4105 499 4149 in
509 4119 565 4152 rem
574 4106 678 4152 actione
689 4108 853 4168 conreuitur,
866 4107 921 4154 sire
932 4109 959 4153 iu
970 4119 1104 4167 personam
1116 4119 1162 4153 suo

324 4171 446 4229 stamine,
467 4172 567 4219 trullam
576 4173 771 4221 satisdationem
783 4189 829 4234 pro
840 4175 897 4220 litis
909 4175 1090 4222 aestimatione
1101 4174 1163 4220 dare

324 4239 505 4299 cornpellitar,
526 4240 572 4285 sed
581 4253 628 4299 pro
639 4254 685 4286 sua
696 4244 794 4288 tautam
804 4255 928 4301 persona,
950 4242 1016 4302 quod
1027 4242 1055 4288 iu
1066 4241 1162 4289 iudicio

324 4309 472 4365 praemoneat
483 4320 562 4365 usqne
573 4306 605 4353 ad
616 4309 753 4354 terminum
767 4308 835 4371 litis,
856 4310 898 4356 rel
915 4309 1086 4357 committitur
1101 4322 1163 4355 suae

324 4373 489 4432 promissioni
502 4387 558 4421 cum
569 4374 747 4437 iureiurando,
759 4378 842 4435 (quam
855 4376 1006 4424 iuratoriam
1016 4377 1163 4423 cautionem

325 4440 430 4500 vocarit)
446 4442 488 4487 rel
504 4441 597 4487 nudam
615 4443 827 4503 promissionem,
849 4445 890 4490 rel
910 4445 1104 4491 satisdationem
1116 4456 1163 4503 pro

323 4510 448 4564 qualitate
459 4521 586 4568 personae
597 4522 659 4555 suae
670 4509 731 4557 dare
743 4510 914 4569 compellitur.
945 4514 968 4572 5.
982 4514 1005 4558 3.
1019 4513 1067 4558 Sin
1078 4515 1163 4557 sutem

324 4589 368 4632 per
378 4582 573 4634 procuratorem
584 4576 618 4621 lis
629 4576 672 4622 rel
684 4577 796 4623 insertas
807 4577 847 4622 rel
859 4578 1012 4640 susscipitur,
1029 4579 1056 4623 ιιι
1068 4577 1163 4623 ιιιοιιι
1176 4576 1182 4583 ’

323 4642 423 4697 quidem
442 4657 566 4704 persona,
589 4644 610 4689 si
627 4656 680 4689 uon
699 4645 846 4690 maridatum
863 4645 929 4691 actis
945 4646 1102 4691 insinuatum
1115 4649 1162 4705 est,

325 4707 364 4750 rel
379 4722 500 4765 praeseus
512 4710 631 4757 dominns
644 4710 699 4756 litis
711 4712 738 4757 in
750 4711 848 4758 indicio
859 4714 1037 4771 procuratoris
1048 4712 1088 4758 sui
1105 4724 1162 4770 per-

317 4784 412 4843 sonans
426 4778 630 4837 eoum-marerit,
653 4781 735 4825 ratam
745 4792 798 4824 rem
809 4779 939 4825 dominum
952 4780 1110 4839 babituram,
1122 4792 1162 4824 sa-

325 4837 490 4888 tisdationem
502 4847 655 4901 procurator
666 4845 914 4905 dareeompellitur3
924 4846 1163 4893 eodem'ebserran-

325 4905 373 4962 ιιι,
384 4914 411 4951 ιι
422 4907 443 4951 ιι
456 4914 539 4969 tutor,
552 4912 593 4956 sel
606 4916 725 4971 curator,
738 4913 779 4958 rel
791 4911 859 4959 saliae
870 4915 935 4960 tales
945 4927 1085 4975 personae,
1098 4926 1163 4969 «quae

325 4972 468 5020 alienarum
479 4988 563 5021 rerum
575 4978 788 5034 gesticulationem
801 4985 961 5040 receperunt,
973 4981 1047 5028 litem
1057 4980 1163 5040 quibus-

325 5037 380 5083 dum
394 5053 399 5096 p
410 5053 439 5085 er
449 5039 529 5084 alium
540 5041 663 5090 interant.
696 5048 719 5106 5.
737 5050 760 5091 4.
782 5045 808 5090 Si
821 5060 883 5092 rere
892 5047 985 5104 aliquis
997 5047 1163 5102 conrcuitur,

325 5105 349 5149 si
362 5106 462 5161 quidem
473 5119 597 5165 praeseus
609 5117 803 5167 procuratorem
815 5113 876 5173 dare
887 5119 990 5171 paratus
1002 5119 1055 5175 est,
1077 5108 1163 5174 pot'cst

326 5173 366 5217 rel
379 5172 471 5229 ipsein
485 5171 609 5219 iudicium
623 5178 726 5237 reuire,
748 5184 773 5226 et
786 5179 824 5224 sui
837 5183 1014 5237 procuratoris
1026 5195 1162 5242 personam

325 5238 517 5296 periutlicatuns
530 5239 596 5285 solri
608 5242 786 5290 satisdationis
798 5247 918 5295 solennes
929 5250 1111 5310 stipulationes
1118 5250 1162 5295 tir-

324 5318 408 5363 suase,
430 5307 471 5352 rel
490 5310 567 5352 extra
589 5307 710 5355 iudicium
730 5311 927 5361 satisdationem
947 5330 1094 5377 exponere,
1116 5329 1162 5373 per

325 5384 399 5428 qaam
411 5372 466 5430 ipse
478 5373 516 5419 eui
528 5375 705 5430 prroeuratoris
717 5377 853 5424 fideiussor
864 5382 974 5427 exsistat
986 5396 1032 5439 pro
1043 5381 1161 5426 onrrribus

325 5438 465 5485 indicatum
485 5440 553 5485 assiri
573 5441 751 5486 satisdatiouis
770 5443 902 5489 clausulis.
935 5448 982 5491 lJbi
1001 5452 1026 5493 et
1040 5446 1162 5503 delqpe-

324 5507 399 5551 tbeca
410 5518 512 5552 suarum
525 5520 610 5552 rerum
622 5509 762 5555 corsrenirc
774 5510 947 5573 eotnpellitur,
961 5514 1015 5559 sire
1027 5512 1053 5557 in
1063 5512 1161 5558 indicio

324 5572 484 5631 promiserit,
497 5574 552 5619 sire
563 5578 639 5620 extra
651 5572 774 5621 iudicium
787 5574 893 5639 caverit,
904 5583 932 5623 ιιι
946 5582 995 5625 tam
1007 5579 1076 5640 ipse,
1089 5592 1163 5636 qaam

325 5640 433 5688 heredes
445 5642 500 5687 eins
513 5641 677 5697 obligentur,
700 5641 751 5687 alia
769 5642 877 5702 insuper
888 5647 988 5691 cautela
1002 5646 1041 5691 rel
1053 5647 1162 5693 satisda-

294 5754 299 5759 ,
325 5709 399 5755 tione
416 5714 521 5769 propter
536 5721 670 5767 personam
689 5707 770 5765 ipsius
782 5711 948 5773 exponenda,
970 5713 1037 5772 qstod
1049 5718 1163 5773 tempore

326 5777 473 5826 sententiae
485 5777 632 5824 recitandae
644 5776 670 5822 in
683 5775 778 5823 irtdieio
790 5776 955 5839 invenietur,
968 5781 1010 5828 rel
1020 5783 1043 5829 si
1054 5794 1106 5828 nors
1118 5795 1163 5833 re·

1219 552 1304 615 uerit,
1322 555 1410 600 omnia
1420 553 1490 599 stabit
1501 552 1652 613 fideiussor,
1670 562 1734 610 qnae
1746 548 1962 598 condemnatione
1972 547 2059 596 contl-

1218 626 1322 683 nentur,
1336 621 1387 667 nisi
1399 621 1476 667 tuerit
1491 624 1667 678 provocatum.
1699 621 1722 678 5.
1736 622 1758 664 ι.
1771 619 1799 664 Si
1811 630 1873 665 rero
1884 631 1944 664 reus
1954 621 2059 677 praesto

1219 703 1250 736 ex
1264 702 1415 746 quacunque
1427 700 1504 734 causa
1514 701 1568 733 nou
1580 685 1675 745 tuerit,
1687 688 1713 732 et
1724 686 1791 732 alius
1804 686 1868 731 relit
1879 683 2059 732 defensionem

1219 756 1274 801 cios
1286 757 1384 816 subire,
1406 755 1479 800 nulla
1490 754 1639 800 ditterentia
1649 753 1720 799 iuter
1739 753 1856 799 actiones
1874 752 1901 797 iu
1912 765 1966 799 rem
1976 753 2020 800 rel
2030 754 2060 800 iss

1219 836 1356 881 personam
1367 822 1570 881 introducenda,
1588 825 1675 879 potest
1686 820 1734 866 hoe
1745 821 1846 879 tacere,
1857 819 1896 865 ita
1907 824 2009 883 tamea,
2030 824 2061 867 ιιι

1219 890 1416 936 satisdationem
1428 889 1570 934 iudicatum
1581 889 1648 934 solri
1660 901 1708 946 pro
1718 887 1774 933 litis
1788 888 1971 934 aestimatione
1982 899 2061 946 lsrae-

1218 961 1278 1003 stet.
1311 959 1391 1003 Nesso
1403 957 1472 1003 euim
1492 956 1631 1003 secundam
1643 961 1757 1000 ueterem
1767 954 1895 1015 regulam,
1915 958 1945 1000 ut
1955 955 2007 1000 iam
2019 955 2064 1001 dl·-

1219 1030 1285 1070 ctum
1298 1029 1354 1081 est,
1375 1025 1478 1071 alienae
1499 1024 1537 1069 rei
1550 1024 1606 1068 sine
1617 1022 1788 1069 satisdatione
1808 1021 1930 1068 defensor
1947 1022 2061 1070 idoneus

1219 1092 1394 1149 intelligitur?
1416 1094 1439 1150 5.
1461 1096 1483 1137 a.
1506 1091 1577 1143 Quae
1589 1089 1676 1136 omnis
1695 1091 1811 1147 apertius
1831 1094 1858 1135 et
1871 1089 2061 1147 perfectissime

1218 1159 1395 1215 aquotidiauo
1407 1158 1563 1204 iudiciorum
1575 1170 1622 1203 ιιιιι
1635 1157 1662 1201 in
1672 1156 1736 1214 ipsis
1744 1170 1828 1203 rerum
1841 1157 2003 1202 documentis
2012 1169 2061 1215 ap·

1219 1230 1318 1284 parent.
1347 1227 1370 1284 5.
1382 1228 1407 1271 l.
1429 1226 1510 1276 tinam
1520 1226 1629 1270 formam
1642 1238 1695 1268 riou
1706 1225 1788 1270 solum
1801 1224 1827 1269 iu
1838 1223 1886 1269 isac
1901 1223 1974 1281 regia
1984 1224 2061 1286 urire,

1218 1294 1262 1338 sed
1274 1293 1352 1337 etiam
1364 1293 1390 1337 in
1402 1292 1521 1337 omnibus
1534 1292 1792 1351 nostrisproriueiis,
1805 1291 1853 1336 etsi
1867 1290 2060 1351 propterimpe-

1217 1360 1303 1406 sitiam
1316 1361 1384 1405 torte
1396 1359 1473 1405 aliter
1485 1359 1662 1417 celebrantur,
1681 1359 1800 1403 obtinere
1811 1369 1960 1417 censemus,
1980 1370 2061 1415 quusn

1217 1432 1387 1481 uecesseest,
1409 1440 1497 1471 omues
1519 1426 1669 1483 prouincias
1690 1428 1766 1483 caput
1785 1424 1897 1470 omnium
1909 1426 2062 1471 nostrarum

1218 1495 1367 1552 civitatum,
1378 1493 1403 1538 id
1412 1499 1451 1539 est
1460 1494 1526 1539 lranc
1537 1493 1634 1551 regiam
1642 1492 1731 1539 urbem
1741 1492 1846 1550 eiusque
1857 1490 2059 1554 observantiam,

1218 1575 1299 1619 sequi.

1531 1659 1752 1727 rrr.xlb,

1217 1742 2058 1792 onrsarnrusslrrrnmrons1.rausac'rto-

1252 1814 1390 1875 albus,
1419 1813 1471 1857 ET
1490 1813 1600 1865 tltlrll}
1628 1813 1679 1857 nl)
1698 1810 1893 1857 HEREDES
1910 1810 1963 1855 ET
1982 1810 2024 1855 lN

1401 1880 1599 1925 HEREDES
1618 1879 1880 1925 TRANSEUNT.

1270 1963 1326 2009 lloe
1337 1962 1396 2007 loco
1407 1961 1561 2008 admouendi
1573 1975 1673 2023 sumus,
1683 1973 1727 2007 eas
1738 1959 1839 2017 quidem
1848 1959 1979 2020 actiones,
1993 1968 2060 2015 quae

1207 2032 1252 2076 'ex
1267 2032 1338 2087 lege,
1350 2030 1620 2087 serratnsreconsulto,
1632 2029 1688 2074 sive
1696 2041 1727 2073 cx
1737 2027 2059 2073 saeriseonstitutionibus

1221 2098 1426 2156 proficiscuntur,
1434 2101 1558 2154 perpetuo
1567 2095 1651 2143 solere
1660 2094 1804 2151 antiquitus
1812 2099 1967 2157 competere,
1976 2095 2060 2141 donee

1221 2178 1309 2210 sacrae
1320 2164 1523 2209 constitutiones
1536 2168 1587 2208 tam
1599 2163 1626 2207 in
1638 2174 1777 2219 remquam
1788 2161 1815 2207 ιιι
1826 2175 1964 2219 personam
1975 2162 2060 2208 actio·

1221 2232 1295 2276 nibus
1316 2237 1401 2277 certor
1421 2231 1486 2277 dues
1507 2230 1648 2290 dederunt,
1670 2243 1713 2276 eas
1730 2241 1809 2291 rere,
1830 2242 1896 2285 quae
1907 2243 1939 2275 ex
1951 2228 2060 2288 propria

1220 2298 1352 2344 Praetoris
1364 2297 1547 2344 iurisdictione
1566 2297 1698 2358 pendent,
1718 2297 1871 2355 plerumque
1881 2297 1952 2342 intra
1963 2309 2061 2343 annum

1220 2366 1322 2421 rirere;
1334 2369 1428 2412 tremet
1439 2365 1520 2422 ipsius
1530 2364 1663 2410 Praetoris
1670 2365 1841 2410 intraannum
1849 2368 1905 2410 erat
1915 2363 2059 2422 imperinm.

1219 2432 1364 2488 Aliquando
1376 2437 1461 2478 tamen
1470 2436 1496 2478 et
1504 2432 1531 2477 ιιι
1539 2436 1690 2489 perpetuum
1700 2432 1887 2492 extenduntur,
1899 2431 1971 2478 idest
1978 2443 2061 2488 usque

1220 2500 1251 2546 ad
1262 2502 1337 2545 larsem
1349 2513 1382 2546 ex
1394 2498 1628 2545 constitutionibus
1636 2499 1821 2555 introductum,
1833 2499 1922 2555 quales
1933 2502 1993 2543 sunt
2004 2511 2060 2559 eae,

1220 2579 1282 2623 quas
1291 2568 1417 2612 banorum
1426 2564 1580 2625 possessori,
1592 2565 1745 2626 ceterisque,
1757 2566 1799 2621 qui
1807 2565 1910 2613 heredis
1921 2566 1980 2611 loco
1988 2569 2060 2625 sunt,

1219 2633 1403 2680 accommodat.
1425 2633 1501 2679 Furti
1518 2644 1619 2690 quoqne
1630 2632 1760 2678 manifesti
1782 2632 1867 2696 aetio,
1887 2631 2003 2691 quamvis
2024 2644 2060 2679 ex

1219 2702 1302 2759 ipsius
1313 2700 1447 2746 Praetoris
1468 2698 1651 2746 iurisdictione
1673 2699 1867 2760 proficiscatur,
1890 2703 1976 2744 tamen
1998 2712 2060 2756 per-

1219 2772 1298 2826 petuo
1309 2768 1402 2824 datur;
1424 2767 1562 2813 absurdum
1577 2766 1645 2811 enlm
1657 2779 1714 2811 csse
1724 2766 1901 2827 existimarit,
1922 2778 1992 2811 anno
2003 2778 2060 2812 eam

1219 2835 1363 2881 terminari.
1391 2835 1414 2893 5.
1433 2836 1454 2880 1.
1472 2835 1531 2879 Nou
1543 2845 1632 2878 amires
1644 2837 1728 2878 autem
1741 2833 1872 2895 actiones,
1894 2832 1997 2891 quaein
2009 2832 2059 2878 ali·

1218 2915 1291 2959 quern
1302 2905 1347 2947 aut
1360 2901 1416 2959 ipso
1426 2900 1483 2947 iure
1494 2902 1658 2961 competunt,
1680 2903 1725 2944 sut
1736 2913 1751 2944 a
1761 2900 1887 2948 Praetore
1899 2900 2012 2961 dantur,
2032 2900 2058 2947 ei

1219 2969 1245 3015 iu
1255 2969 1463 3024 beredemaeqae
1474 2971 1622 3024 competunt
1632 2966 1738 3012 autdari
1750 2967 1845 3013 solent.
1866 2967 1913 3012 Est
1925 2966 1992 3012 enim
2003 2979 2059 3012 eer-

1219 3036 1321 3081 tissima
1331 3035 1396 3080 iuris
1408 3034 1554 3093 regulam·
1567 3031 1701 3080 maleficiis
1711 3033 1835 3091 poenales
1847 3035 1964 3081 actiones
1975 3032 2003 3079 in
2015 3034 2058 3079 tse-

1218 3104 1306 3150 redem
1316 3116 1369 3148 non
1381 3104 1542 3161 competere,
1555 3099 1637 3146 relati
1648 3100 1726 3162 iusti,
1738 3101 1763 3145 ri
1776 3100 1901 3146 bonorum
1913 3103 2057 3159 raptarum,

1218 3170 1389 3227 iniuriarum,
1416 3168 1502 3214 damni
1522 3167 1645 3213 iniuriae.
1681 3167 1733 3212 Sed
1753 3166 1888 3213 heredibus
1909 3166 2056 3212 huiusmodi

1219 3236 1335 3285 actiones
1345 3237 1509 3293 competunt,
1531 3247 1579 3280 nec
1590 3233 1764 3294 denegantur,
1782 3236 1891 3290 excepta
1901 3232 2058 3279 iniuriarum

1218 3304 1336 3363 actione,
1347 3309 1374 3349 et
1385 3302 1407 3347 ιι
1415 3314 1464 3357 qua
1472 3301 1524 3347 alia
1535 3300 1628 3346 similis
1637 3301 1794 3346 inueniatur.
1813 3298 1959 3355 Aliquando
1971 3303 2058 3346 tamea

1218 3371 1296 3417 etiam
1316 3383 1348 3416 ex
1371 3371 1505 3414 contractu
1518 3367 1587 3413 actio
1608 3369 1701 3414 contra
1720 3366 1842 3413 beredem
1860 3379 1913 3412 non
1924 3366 2057 3423 competit,

1217 3449 1274 3482 eum
1285 3439 1397 3483 testator
1408 3434 1498 3481 dolose
1509 3435 1626 3480 versatus
1639 3434 1690 3496 sit,
1712 3437 1738 3479 et
1749 3433 1781 3478 ad
1792 3433 1911 3480 heredem
1923 3432 1979 3479 eius
1991 3432 2058 3479 nibil

1217 3517 1249 3549 es
1262 3503 1323 3549 dolo
1344 3501 1470 3561 perressit.
1499 3502 1625 3547 l'oenales
1646 3504 1743 3548 autern-
1752 3499 1883 3559 actiones,
1906 3513 1968 3556 quas
1979 3512 2058 3557 supra

1217 3569 1344 3629 diximus,
1356 3569 1378 3614 si
1393 3568 1423 3613 ab
1435 3568 1499 3626 ipsis
1511 3567 1698 3627 principalibus
1717 3567 1837 3625 personis
1857 3567 1953 3612 luerint
1966 3571 2057 3615 conte-

1216 3640 1314 3698 statae,
1332 3639 1358 3682 et
1368 3635 1508 3682 heredibus
1520 3636 1627 3696 dautur,
1639 3639 1665 3681 et
1677 3640 1768 3681 contra
1778 3634 1886 3682 heredes
1907 3638 2056 3680 transcunt.

1216 3706 1239 3763 5.
1257 3698 1281 3750 ιι.
1294 3704 1431 3763 Superest,
1452 3706 1482 3748 ut
1492 3702 1688 3763 admoneamus,
1709 3702 1790 3760 quod,
1814 3702 1837 3747 si
1849 3703 1910 3747 aute
1924 3715 1976 3747 rem
1989 3700 2057 3746 iudi-

1216 3774 1297 3817 catam
1309 3770 1347 3831 is,
1360 3783 1416 3816 cam
1430 3782 1480 3825 quo
1491 3774 1577 3815 actum
1588 3774 1641 3830 est,
1653 3769 1796 3816 satisfaciat
1807 3768 1905 3828 actori,
1919 3767 2004 3813 otlieio
2016 3768 2057 3812 ιιι-

1217 3837 1414 3884 diciseonrenit
1425 3848 1481 3883 eum
1493 3837 1643 3896 absolvere,
1659 3838 1721 3884 licet
1733 3836 1822 3881 iudicii
1835 3835 1979 3893 accipiendi
1992 3837 2058 3880 tem-

1216 3918 1280 3963 pore
1291 3904 1318 3950 in
1330 3917 1360 3951 ea
1380 3916 1457 3950 eausa
1476 3903 1584 3966 fuisset,
1606 3907 1635 3949 ut
1656 3904 1770 3950 damnari
1783 3903 1888 3958 debeat;
1910 3906 1936 3947 et
1947 3902 1996 3947 boc
2007 3904 2057 3961 cst,

1216 3973 1284 4030 qued
1294 3976 1356 4019 sate
1368 3971 1446 4030 uulgo
1457 3971 1605 4034 dicebatur,
1618 3972 1705 4018 omnia
1716 3970 1812 4017 indicia
1823 3968 1983 4015 absolutoria
1991 3980 2056 4014 esse.

1524 4069 1742 4130 TIT.Xllb

1421 4154 1474 4202 ιι
1500 4154 1846 4202 ιιιιιιιιιιιιι

1267 4240 1400 4299 Sequitur,
1411 4243 1440 4287 ut
1451 4240 1482 4286 de
1492 4237 1868 4300 exceptionibasdispiciamus.
1888 4237 2059 4294 Comparatae

1216 4312 1369 4357 autemsunt
1381 4307 1550 4365 exceptiones
1559 4307 1778 4354 defendendorum
1788 4320 1877 4352 eorum
1888 4304 1987 4365 gratia,
2000 4318 2058 4350 cum

1215 4377 1306 4434 quibas
1317 4377 1418 4435 agitem
1431 4388 1507 4432 saepe
1517 4375 1585 4421 enim
1597 4374 1699 4435 accidit,
1711 4378 1749 4437 ιιι,
1760 4373 1823 4419 licet
1834 4373 1889 4431 ipsa
1900 4371 2059 4431 persecutio,

1216 4457 1265 4505 qua
1276 4448 1349 4489 actor
1361 4444 1511 4504 experitur,
1529 4442 1599 4487 iusta
1609 4442 1659 4501 sit,
1672 4447 1757 4487 tamen
1777 4440 1866 4498 iniqua
1877 4441 1912 4485 ιιι
1933 4439 2060 4484 adsersus

1216 4525 1288 4569 enus,
1301 4524 1358 4556 cum
1368 4524 1419 4567 qno
1432 4509 1528 4568 agitur.
1557 4510 1579 4567 5.
1595 4511 1617 4554 l.
1633 4509 1709 4555 uerbi
1724 4508 1809 4567 gratia
1829 4508 1850 4553 si
1862 4509 1932 4552 rnatu
1944 4508 2059 4566 coactus,

1216 4581 1261 4623 aot
1273 4576 1334 4624 dolo
1345 4578 1483 4637 indoctus,
1506 4579 1551 4622 aut
1562 4588 1652 4622 errore
1664 4576 1751 4635 lapsus
1763 4574 1899 4634 stipulanti
1913 4573 1985 4619 Titio
1997 4585 2058 4631 pro-

1216 4644 1325 4706 misisti,
1336 4645 1404 4702 quod
1414 4657 1468 4690 uon
1479 4643 1603 4690 debueras
1614 4643 1781 4701 promittere,
1794 4642 1877 4701 palam
1888 4643 1926 4687 est
1935 4673 1942 4700 ,
1952 4639 2010 4685 iure
2022 4639 2058 4685 ci-

1216 4713 1263 4758 rili
1272 4715 1297 4757 te
1304 4712 1446 4772 obligatum
1453 4724 1519 4772 esse,
1530 4709 1705 4771 erectamque
1715 4709 1929 4757 intenditurdare
1941 4711 1966 4753 te
1977 4719 2058 4764 opor-

1216 4785 1285 4839 tere,
1297 4782 1386 4826 etlicax
1398 4783 1452 4836 est,
1464 4778 1508 4825 sed
1521 4777 1637 4833 iniquum
1649 4780 1703 4839 est,
1715 4780 1741 4824 te
1752 4774 1927 4823 condemnari.
1945 4772 2059 4829 Ideoque
2089 4824 2095 4831 ,

1216 4848 1291 4893 datar
1300 4847 1346 4891 tibi
1355 4846 1477 4905 exceptio
1486 4850 1567 4892 metus
1575 4858 1661 4905 causa,
1671 4849 1715 4891 aut
1723 4843 1777 4889 doli
1784 4843 1855 4904 mali,
1867 4844 1912 4888 aut
1922 4839 1949 4886 iu
1960 4840 2078 4909 lactura⁸

1216 4913 1358 4971 composita
1377 4914 1409 4960 ad
1429 4913 1629 4973 impugnandam
1649 4911 1788 4957 actionem.
1818 4911 1840 4969 5.
1855 4912 1879 4955 2.
1901 4907 1970 4953 ldem
1990 4906 2058 4953 iuris

1216 4986 1264 5041 cst,
1276 4979 1298 5024 ιι
1309 4980 1366 5036 spuis
1377 4981 1449 5038 quasi
1457 4979 1577 5027 credendi
1586 4992 1664 5025 eausa
1674 4978 1808 5038 pecuniam
1817 4975 1958 5034 stipulatus
1966 4973 2057 5035 suerit,

1215 5060 1298 5104 neque
1316 5049 1502 5095 numeraverit.
1530 5050 1595 5094 Nam
1607 5060 1662 5092 eam
1673 5045 1808 5104 pecuniam
1819 5058 1833 5090 a
1845 5048 1869 5089 tc
1880 5047 1969 5101 petere
1980 5053 2058 5099 posse

1215 5129 1282 5176 eum,
1294 5119 1391 5160 eertum
1401 5120 1448 5174 est,
1457 5115 1518 5161 dare
1526 5114 1593 5161 enim
1604 5117 1629 5158 te
1639 5118 1753 5176 oportet,
1761 5126 1837 5169 quum
1844 5124 1875 5157 ex
1885 5108 2057 5167 stipulatione

1216 5180 1338 5229 tenearis.
1358 5183 1408 5228 Sed
1420 5182 1480 5239 quia
1489 5181 1605 5237 iniquum
1616 5187 1670 5241 est,
1682 5194 1714 5227 eo
1725 5180 1831 5227 nomine
1842 5181 1868 5225 te
1879 5176 2058 5235 condemnari,

1215 5249 1313 5311 placet,
1326 5246 1561 5307 perexceptioncm
1568 5260 1622 5292 uon
1629 5253 1779 5294 numeratae
1786 5245 1944 5306 pecuniaete
1952 5242 2059 5290 delendi

1215 5319 1316 5373 debere,
1329 5316 1526 5372 euiustempora
1536 5310 2058 5373 nos,seeundumquodiamsuperioribus

1215 5382 1288 5428 libris
1300 5381 1424 5438 scriptum
1446 5384 1500 5442 est,
1532 5381 1722 5429 constitutione
1743 5385 1833 5427 nostra
1859 5377 2057 5425 coarctavimus.

1215 5451 1237 5508 5.
1250 5451 1274 5493 a.
1292 5446 1432 5494 Praeterea
1443 5447 1560 5504 debitor,
1572 5448 1594 5492 si
1606 5452 1695 5505 paetus
1706 5448 1788 5495 luerit
1798 5461 1853 5494 cum
1866 5445 2011 5503 creditore,
2024 5456 2058 5489 ne

1215 5509 1425 5575 ase'peteretur,
1448 5513 1618 5560 nihilominus
1639 5515 1769 5574 obligatus
1787 5518 1887 5575 ntauet,
1909 5512 2057 5568 qrriapacto

1216 5582 1347 5626 convento
1368 5580 1543 5640 obligationes
1554 5595 1608 5628 non
1620 5583 1768 5629 omnimodo
1790 5582 1985 5633 dissoluuntur,
2008 5588 2059 5632 uult

1216 5648 1246 5694 de
1257 5659 1334 5693 causa
1345 5650 1434 5695 efficax
1444 5652 1484 5695 est
1492 5650 1616 5696 adsersus
1628 5662 1686 5695 eum
1694 5650 1763 5695 actio
1771 5684 1778 5709 ‚
1786 5662 1835 5704 qua
1845 5652 1919 5694 actor
1928 5642 2057 5692 intendit:

1213 5718 1239 5761 ιι·
1244 5721 1325 5776 paret
1336 5730 1392 5762 eam
1403 5718 1469 5762 dure
1479 5724 1606 5776 oportere.
1635 5716 1686 5761 Sed
1696 5715 1755 5773 quia
1766 5716 1882 5773 iniquum
1893 5718 1947 5775 eat,
1964 5714 2058 5757 eontra

1214 5782 1362 5843 pactionem
1372 5798 1430 5833 cum
1440 5780 1571 5848 damnari,
1583 5782 1732 5835 detenditur
1739 5798 1785 5843 per
1792 5782 1975 5845 exceptionem
1985 5775 2057 5838 pacti
