<?xml version="1.0" encoding="UTF-8"?>
<!DOCTYPE html PUBLIC "-//W3C//DTD XHTML 1.0 Transitional//EN"
    "http://www.w3.org/TR/xhtml1/DTD/xhtml1-transitional.dtd">
<html xmlns="http://www.w3.org/1999/xhtml" xml:lang="en" lang="en">
 <head>
  <title>
</title>
<meta http-equiv="Content-Type" content="text/html;charset=utf-8" />
  <meta name='ocr-system' content='tesseract 3.04.00' />
  <meta name='ocr-capabilities' content='ocr_page ocr_carea ocr_par ocr_line ocrx_word'/>
</head>
<body>
  <div class='ocr_page' id='page_1' title='image "./corpusiuriscivi00beckgoog/corpusiuriscivi00beckgoog_0197.png"; bbox 0 0 4336 6440; ppageno 0'>
   <div class='ocr_carea' id='block_1_1' title="bbox 354 359 406 414">
    <p class='ocr_par' dir='ltr' id='par_1_1' title="bbox 354 359 406 414">
     <span class='ocr_line' id='line_1_1' title="bbox 354 359 406 414; baseline 0 0"><span class='ocrx_word' id='word_1_1' title='bbox 354 359 406 414; x_wconf 71' lang='lat' dir='ltr'><strong>iit)</strong></span> 
     </span>
    </p>
   </div>
   <div class='ocr_carea' id='block_1_2' title="bbox 258 502 1188 5744">
    <p class='ocr_par' dir='ltr' id='par_1_2' title="bbox 258 502 1188 5744">
     <span class='ocr_line' id='line_1_2' title="bbox 346 502 1179 567; baseline -0.002 -16"><span class='ocrx_word' id='word_1_2' title='bbox 346 502 419 560; x_wconf 83' lang='lat' dir='ltr'><strong>inqui</strong></span> <span class='ocrx_word' id='word_1_3' title='bbox 422 505 441 567; x_wconf 92' lang='lat' dir='ltr'><strong>t,</strong></span> <span class='ocrx_word' id='word_1_4' title='bbox 449 505 541 551; x_wconf 79' lang='lat' dir='ltr'><strong>urorir</strong></span> <span class='ocrx_word' id='word_1_5' title='bbox 546 516 616 549; x_wconf 80' lang='lat' dir='ltr'><strong>ureae</strong></span> <span class='ocrx_word' id='word_1_6' title='bbox 627 504 741 548; x_wconf 68' lang='lat' dir='ltr'><strong>retinerer</strong></span> <span class='ocrx_word' id='word_1_7' title='bbox 749 507 980 564; x_wconf 73' lang='lat' dir='ltr'><strong>encareonreriprr&#39;t</strong></span> <span class='ocrx_word' id='word_1_8' title='bbox 984 518 996 565; x_wconf 79' lang='lat'><strong>,-</strong></span> <span class='ocrx_word' id='word_1_9' title='bbox 1005 504 1057 551; x_wconf 79' lang='lat' dir='ltr'><strong>lere</strong></span> <span class='ocrx_word' id='word_1_10' title='bbox 1064 505 1179 550; x_wconf 82' lang='lat' dir='ltr'><strong>ratiooer</strong></span> 
     </span>
     <span class='ocr_line' id='line_1_3' title="bbox 347 570 1187 631; baseline -0.004 -12"><span class='ocrx_word' id='word_1_11' title='bbox 347 587 365 620; x_wconf 80' lang='lat' dir='ltr'><em>a</em></span> <span class='ocrx_word' id='word_1_12' title='bbox 377 579 403 616; x_wconf 87' lang='lat' dir='ltr'><strong>te</strong></span> <span class='ocrx_word' id='word_1_13' title='bbox 410 572 578 631; x_wconf 70' lang='lat' dir='ltr'><strong>possidentur</strong></span> <span class='ocrx_word' id='word_1_14' title='bbox 586 584 597 627; x_wconf 89' lang='lat'><strong>,·</strong></span> <span class='ocrx_word' id='word_1_15' title='bbox 606 570 721 616; x_wconf 78' lang='lat' dir='ltr'><strong>derideto</strong></span> <span class='ocrx_word' id='word_1_16' title='bbox 733 585 780 617; x_wconf 80' lang='lat' dir='ltr'><strong>ear</strong></span> <span class='ocrx_word' id='word_1_17' title='bbox 787 571 916 631; x_wconf 62' lang='lat' dir='ltr'><strong>exhiheri.</strong></span> <span class='ocrx_word' id='word_1_18' title='bbox 953 573 996 618; x_wconf 80' lang='lat' dir='ltr'><strong>Ait</strong></span> <span class='ocrx_word' id='word_1_19' title='bbox 1008 572 1140 618; x_wconf 83' lang='lat' dir='ltr'><strong>tuiiruur:</strong></span> <span class='ocrx_word' id='word_1_20' title='bbox 1152 570 1187 616; x_wconf 87' lang='lat' dir='ltr'><strong>ri-</strong></span> 
     </span>
     <span class='ocr_line' id='line_1_4' title="bbox 347 637 1186 701; baseline -0.001 -16"><span class='ocrx_word' id='word_1_21' title='bbox 347 639 449 696; x_wconf 82' lang='lat' dir='ltr'>quidem</span> <span class='ocrx_word' id='word_1_22' title='bbox 461 638 488 683; x_wconf 90' lang='lat' dir='ltr'><strong>in</strong></span> <span class='ocrx_word' id='word_1_23' title='bbox 500 652 556 685; x_wconf 85' lang='lat' dir='ltr'><strong>mer</strong></span> <span class='ocrx_word' id='word_1_24' title='bbox 566 638 653 684; x_wconf 81' lang='lat' dir='ltr'><strong>chorte</strong></span> <span class='ocrx_word' id='word_1_25' title='bbox 663 637 774 696; x_wconf 82' lang='lat' dir='ltr'><strong>rcriptee</strong></span> <span class='ocrx_word' id='word_1_26' title='bbox 783 639 846 701; x_wconf 89' lang='lat' dir='ltr'><strong>rint,</strong></span> <span class='ocrx_word' id='word_1_27' title='bbox 855 640 940 685; x_wconf 90' lang='lat' dir='ltr'><strong>locum</strong></span> <span class='ocrx_word' id='word_1_28' title='bbox 947 652 1003 687; x_wconf 90' lang='lat' dir='ltr'><strong>erre</strong></span> <span class='ocrx_word' id='word_1_29' title='bbox 1012 639 1186 699; x_wconf 86' lang='lat' dir='ltr'><strong>huicrctioni,</strong></span> 
     </span>
     <span class='ocr_line' id='line_1_5' title="bbox 347 706 1187 769; baseline 0.005 -18"><span class='ocrx_word' id='word_1_30' title='bbox 347 706 409 766; x_wconf 83' lang='lat' dir='ltr'><strong>quie</strong></span> <span class='ocrx_word' id='word_1_31' title='bbox 419 711 446 752; x_wconf 87' lang='lat' dir='ltr'><strong>ct</strong></span> <span class='ocrx_word' id='word_1_32' title='bbox 459 706 590 751; x_wconf 79' lang='lat' dir='ltr'><strong>vindicare</strong></span> <span class='ocrx_word' id='word_1_33' title='bbox 601 717 644 751; x_wconf 80' lang='lat' dir='ltr'><strong>eor</strong></span> <span class='ocrx_word' id='word_1_34' title='bbox 655 718 771 763; x_wconf 81' lang='lat' dir='ltr'><strong>porrum3</strong></span> <span class='ocrx_word' id='word_1_35' title='bbox 783 720 840 752; x_wconf 81' lang='lat' dir='ltr'><strong>nem</strong></span> <span class='ocrx_word' id='word_1_36' title='bbox 852 720 929 766; x_wconf 91' lang='lat' dir='ltr'><strong>quum</strong></span> <span class='ocrx_word' id='word_1_37' title='bbox 939 707 1029 754; x_wconf 86' lang='lat' dir='ltr'><strong>cbrrtr</strong></span> <span class='ocrx_word' id='word_1_38' title='bbox 1040 721 1096 755; x_wconf 85' lang='lat' dir='ltr'><strong>mer</strong></span> <span class='ocrx_word' id='word_1_39' title='bbox 1106 708 1150 769; x_wconf 90' lang='lat' dir='ltr'><strong>rit,</strong></span> <span class='ocrx_word' id='word_1_40' title='bbox 1162 712 1187 755; x_wconf 89' lang='lat' dir='ltr'><strong>et</strong></span> 
     </span>
     <span class='ocr_line' id='line_1_6' title="bbox 347 773 1187 833; baseline 0.002 -14"><span class='ocrx_word' id='word_1_41' title='bbox 347 774 416 831; x_wconf 84' lang='lat' dir='ltr'><strong>quod</strong></span> <span class='ocrx_word' id='word_1_42' title='bbox 427 773 455 820; x_wconf 91' lang='lat' dir='ltr'><strong>in</strong></span> <span class='ocrx_word' id='word_1_43' title='bbox 466 787 497 820; x_wconf 84' lang='lat' dir='ltr'><strong>er</strong></span> <span class='ocrx_word' id='word_1_44' title='bbox 508 773 631 831; x_wconf 74' lang='lat' dir='ltr'><strong>scriptum</strong></span> <span class='ocrx_word' id='word_1_45' title='bbox 641 778 693 833; x_wconf 84' lang='lat' dir='ltr'><strong>ert,</strong></span> <span class='ocrx_word' id='word_1_46' title='bbox 713 786 796 821; x_wconf 88' lang='lat' dir='ltr'><strong>meum</strong></span> <span class='ocrx_word' id='word_1_47' title='bbox 806 775 859 832; x_wconf 87' lang='lat' dir='ltr'><strong>ert;</strong></span> <span class='ocrx_word' id='word_1_48' title='bbox 878 775 923 822; x_wconf 89' lang='lat' dir='ltr'><strong>red</strong></span> <span class='ocrx_word' id='word_1_49' title='bbox 934 775 955 821; x_wconf 90' lang='lat' dir='ltr'><strong>ri</strong></span> <span class='ocrx_word' id='word_1_50' title='bbox 968 775 1056 823; x_wconf 74' lang='lat' dir='ltr'><strong>charte</strong></span> <span class='ocrx_word' id='word_1_51' title='bbox 1067 789 1123 822; x_wconf 83' lang='lat' dir='ltr'><strong>mer</strong></span> <span class='ocrx_word' id='word_1_52' title='bbox 1133 788 1187 821; x_wconf 88' lang='lat' dir='ltr'><strong>uon</strong></span> 
     </span>
     <span class='ocr_line' id='line_1_7' title="bbox 350 841 1186 903; baseline 0.004 -14"><span class='ocrx_word' id='word_1_53' title='bbox 350 844 393 898; x_wconf 82' lang='lat' dir='ltr'><strong>rit,</strong></span> <span class='ocrx_word' id='word_1_54' title='bbox 407 841 467 899; x_wconf 81' lang='lat' dir='ltr'><strong>quir</strong></span> <span class='ocrx_word' id='word_1_55' title='bbox 478 841 608 886; x_wconf 78' lang='lat' dir='ltr'><strong>vindicare</strong></span> <span class='ocrx_word' id='word_1_56' title='bbox 620 854 673 886; x_wconf 89' lang='lat' dir='ltr'><strong>non</strong></span> <span class='ocrx_word' id='word_1_57' title='bbox 685 853 788 899; x_wconf 87' lang='lat' dir='ltr'><strong>porrum</strong></span> <span class='ocrx_word' id='word_1_58' title='bbox 795 872 803 897; x_wconf 90' lang='lat'>‚</span> <span class='ocrx_word' id='word_1_59' title='bbox 822 855 869 889; x_wconf 92' lang='lat' dir='ltr'><strong>nec</strong></span> <span class='ocrx_word' id='word_1_60' title='bbox 879 843 910 888; x_wconf 84' lang='lat' dir='ltr'><strong>ud</strong></span> <span class='ocrx_word' id='word_1_61' title='bbox 922 842 1096 890; x_wconf 84' lang='lat' dir='ltr'><strong>exhibendum</strong></span> <span class='ocrx_word' id='word_1_62' title='bbox 1106 857 1186 903; x_wconf 86' lang='lat' dir='ltr'><strong>expe-</strong></span> 
     </span>
     <span class='ocr_line' id='line_1_8' title="bbox 346 907 1185 971; baseline 0.002 -16"><span class='ocrx_word' id='word_1_63' title='bbox 346 909 411 965; x_wconf 80' lang='lat' dir='ltr'><strong>riri3</strong></span> <span class='ocrx_word' id='word_1_64' title='bbox 434 909 462 953; x_wconf 91' lang='lat' dir='ltr'><strong>in</strong></span> <span class='ocrx_word' id='word_1_65' title='bbox 481 909 574 954; x_wconf 71' lang='lat' dir='ltr'><strong>tomum</strong></span> <span class='ocrx_word' id='word_1_66' title='bbox 590 907 670 966; x_wconf 80' lang='lat' dir='ltr'><strong>igitur</strong></span> <span class='ocrx_word' id='word_1_67' title='bbox 687 908 750 954; x_wconf 90' lang='lat' dir='ltr'><strong>mibi</strong></span> <span class='ocrx_word' id='word_1_68' title='bbox 768 909 896 957; x_wconf 79' lang='lat' dir='ltr'><strong>actionem</strong></span> <span class='ocrx_word' id='word_1_69' title='bbox 913 914 1066 969; x_wconf 80' lang='lat' dir='ltr'><strong>competere.</strong></span> <span class='ocrx_word' id='word_1_70' title='bbox 1103 913 1126 971; x_wconf 82' lang='grc'><strong>5.</strong></span> <span class='ocrx_word' id='word_1_71' title='bbox 1147 914 1185 957; x_wconf 82' lang='lat'><strong>15.</strong></span> 
     </span>
     <span class='ocr_line' id='line_1_9' title="bbox 346 975 1186 1039; baseline 0.004 -18"><span class='ocrx_word' id='word_1_72' title='bbox 346 976 487 1022; x_wconf 84' lang='lat' dir='ltr'>Sciendum</span> <span class='ocrx_word' id='word_1_73' title='bbox 498 979 546 1036; x_wconf 85' lang='lat' dir='ltr'><strong>ert,</strong></span> <span class='ocrx_word' id='word_1_74' title='bbox 558 975 681 1022; x_wconf 79' lang='lat' dir='ltr'><strong>edrerrus</strong></span> <span class='ocrx_word' id='word_1_75' title='bbox 693 989 868 1030; x_wconf 86' lang='lat' dir='ltr'><strong>porrerrorem</strong></span> <span class='ocrx_word' id='word_1_76' title='bbox 879 979 926 1024; x_wconf 79' lang='lat' dir='ltr'><strong>hoc</strong></span> <span class='ocrx_word' id='word_1_77' title='bbox 936 979 1039 1025; x_wconf 79' lang='lat' dir='ltr'><strong>actione</strong></span> <span class='ocrx_word' id='word_1_78' title='bbox 1049 980 1186 1039; x_wconf 74' lang='lat' dir='ltr'><strong>egendum,</strong></span> 
     </span>
     <span class='ocr_line' id='line_1_10' title="bbox 347 1043 1187 1108; baseline 0.002 -18"><span class='ocrx_word' id='word_1_79' title='bbox 347 1057 400 1090; x_wconf 89' lang='lat' dir='ltr'><strong>non</strong></span> <span class='ocrx_word' id='word_1_80' title='bbox 412 1045 496 1090; x_wconf 90' lang='lat' dir='ltr'><strong>rolum</strong></span> <span class='ocrx_word' id='word_1_81' title='bbox 507 1056 579 1099; x_wconf 88' lang='lat' dir='ltr'><strong>eum,</strong></span> <span class='ocrx_word' id='word_1_82' title='bbox 596 1043 638 1101; x_wconf 91' lang='lat' dir='ltr'><strong>qui</strong></span> <span class='ocrx_word' id='word_1_83' title='bbox 650 1044 778 1105; x_wconf 79' lang='lat' dir='ltr'><strong>civiliter,</strong></span> <span class='ocrx_word' id='word_1_84' title='bbox 795 1046 876 1091; x_wconf 89' lang='lat' dir='ltr'><strong>redet</strong></span> <span class='ocrx_word' id='word_1_85' title='bbox 888 1060 959 1108; x_wconf 89' lang='lat' dir='ltr'><strong>eum,</strong></span> <span class='ocrx_word' id='word_1_86' title='bbox 977 1046 1018 1102; x_wconf 83' lang='lat' dir='ltr'><strong>qut</strong></span> <span class='ocrx_word' id='word_1_87' title='bbox 1031 1046 1187 1092; x_wconf 77' lang='lat' dir='ltr'>naturaliter</span> 
     </span>
     <span class='ocr_line' id='line_1_11' title="bbox 345 1110 1186 1177; baseline 0.001 -19"><span class='ocrx_word' id='word_1_88' title='bbox 345 1112 477 1159; x_wconf 77' lang='lat' dir='ltr'>incumbat</span> <span class='ocrx_word' id='word_1_89' title='bbox 494 1110 664 1170; x_wconf 75' lang='lat' dir='ltr'><strong>porrectiori.</strong></span> <span class='ocrx_word' id='word_1_90' title='bbox 700 1112 819 1169; x_wconf 84' lang='lat' dir='ltr'><strong>Denique</strong></span> <span class='ocrx_word' id='word_1_91' title='bbox 834 1113 1003 1177; x_wconf 88' lang='lat' dir='ltr'><strong>creditorem,</strong></span> <span class='ocrx_word' id='word_1_92' title='bbox 1020 1113 1063 1173; x_wconf 91' lang='lat' dir='ltr'><strong>qui</strong></span> <span class='ocrx_word' id='word_1_93' title='bbox 1080 1113 1186 1173; x_wconf 79' lang='lat' dir='ltr'><strong>pignori</strong></span> 
     </span>
     <span class='ocr_line' id='line_1_12' title="bbox 345 1178 939 1241; baseline 0.002 -14"><span class='ocrx_word' id='word_1_94' title='bbox 345 1193 401 1227; x_wconf 86' lang='lat' dir='ltr'><strong>rem</strong></span> <span class='ocrx_word' id='word_1_95' title='bbox 412 1179 517 1241; x_wconf 73' lang='lat' dir='ltr'><strong>accepit,</strong></span> <span class='ocrx_word' id='word_1_96' title='bbox 527 1178 559 1225; x_wconf 82' lang='lat' dir='ltr'><strong>cd</strong></span> <span class='ocrx_word' id='word_1_97' title='bbox 571 1180 744 1227; x_wconf 73' lang='lat' dir='ltr'><strong>erhibendum</strong></span> <span class='ocrx_word' id='word_1_98' title='bbox 755 1180 839 1227; x_wconf 89' lang='lat' dir='ltr'><strong>teneri</strong></span> <span class='ocrx_word' id='word_1_99' title='bbox 850 1181 939 1241; x_wconf 86' lang='lat' dir='ltr'><strong>plrcet.</strong></span> 
     </span>
     <span class='ocr_line' id='line_1_13' title="bbox 319 1248 1186 1305; baseline 0.002 -10"><span class='ocrx_word' id='word_1_100' title='bbox 319 1286 325 1295; x_wconf 74' lang='grc'><strong>.</strong></span> <span class='ocrx_word' id='word_1_101' title='bbox 397 1249 439 1293; x_wconf 79' lang='grc' dir='ltr'><strong>Ν.</strong></span> <span class='ocrx_word' id='word_1_102' title='bbox 458 1248 661 1305; x_wconf 72' lang='lat' dir='ltr'><strong><em>Pomponius</em></strong></span> <span class='ocrx_word' id='word_1_103' title='bbox 674 1249 741 1294; x_wconf 82' lang='lat' dir='ltr'><strong>libro</strong></span> <span class='ocrx_word' id='word_1_104' title='bbox 756 1250 802 1295; x_wconf 85' lang='lat' dir='ltr'><strong>VI.</strong></span> <span class='ocrx_word' id='word_1_105' title='bbox 813 1250 850 1295; x_wconf 83' lang='lat' dir='ltr'><strong>ad</strong></span> <span class='ocrx_word' id='word_1_106' title='bbox 861 1250 993 1296; x_wconf 79' lang='lat' dir='ltr'><strong>Sabinum.</strong></span> <span class='ocrx_word' id='word_1_107' title='bbox 1015 1250 1081 1297; x_wconf 81' lang='lat' dir='ltr'><strong>Num</strong></span> <span class='ocrx_word' id='word_1_108' title='bbox 1093 1251 1186 1298; x_wconf 89' lang='lat' dir='ltr'><strong>etcum</strong></span> 
     </span>
     <span class='ocr_line' id='line_1_14' title="bbox 305 1314 1187 1459; baseline 0.003 -97"><span class='ocrx_word' id='word_1_109' title='bbox 305 1365 321 1459; x_wconf 45' lang='grc' dir='ltr'>ἲ</span> <span class='ocrx_word' id='word_1_110' title='bbox 346 1329 392 1377; x_wconf 87' lang='lat' dir='ltr'><strong>eo,</strong></span> <span class='ocrx_word' id='word_1_111' title='bbox 405 1314 472 1373; x_wconf 79' lang='lat' dir='ltr'><strong>apud</strong></span> <span class='ocrx_word' id='word_1_112' title='bbox 483 1327 557 1373; x_wconf 88' lang='lat' dir='ltr'><strong>quem</strong></span> <span class='ocrx_word' id='word_1_113' title='bbox 568 1314 698 1377; x_wconf 80' lang='lat' dir='ltr'><strong>deposito,</strong></span> <span class='ocrx_word' id='word_1_114' title='bbox 719 1317 761 1363; x_wconf 85' lang='lat' dir='ltr'><strong>uel</strong></span> <span class='ocrx_word' id='word_1_115' title='bbox 770 1316 812 1362; x_wconf 90' lang='lat' dir='ltr'><strong>cui</strong></span> <span class='ocrx_word' id='word_1_116' title='bbox 824 1318 983 1366; x_wconf 85' lang='lat' dir='ltr'><strong>commodetr</strong></span> <span class='ocrx_word' id='word_1_117' title='bbox 994 1318 1037 1366; x_wconf 81' lang='lat' dir='ltr'><strong>vei</strong></span> <span class='ocrx_word' id='word_1_118' title='bbox 1047 1319 1134 1366; x_wconf 79' lang='lat' dir='ltr'><strong>locuto</strong></span> <span class='ocrx_word' id='word_1_119' title='bbox 1144 1332 1187 1366; x_wconf 85' lang='lat' dir='ltr'><strong>rer</strong></span> 
     </span>
     <span class='ocr_line' id='line_1_15' title="bbox 345 1382 549 1444; baseline -0.025 -13"><span class='ocrx_word' id='word_1_120' title='bbox 345 1384 388 1444; x_wconf 86' lang='lat' dir='ltr'><strong>rit,</strong></span> <span class='ocrx_word' id='word_1_121' title='bbox 401 1382 442 1441; x_wconf 82' lang='lat' dir='ltr'><strong>ogi</strong></span> <span class='ocrx_word' id='word_1_122' title='bbox 454 1384 549 1441; x_wconf 90' lang='lat' dir='ltr'><strong>potert.</strong></span> 
     </span>
     <span class='ocr_line' id='line_1_16' title="bbox 311 1451 1186 1512; baseline 0.008 -17"><span class='ocrx_word' id='word_1_123' title='bbox 311 1463 326 1512; x_wconf 67' lang='lat' dir='ltr'><strong>e,</strong></span> <span class='ocrx_word' id='word_1_124' title='bbox 396 1452 425 1496; x_wconf 90' lang='lat' dir='ltr'><strong>V.</strong></span> <span class='ocrx_word' id='word_1_125' title='bbox 459 1451 634 1509; x_wconf 80' lang='lat' dir='ltr'><strong>Ulpianur</strong></span> <span class='ocrx_word' id='word_1_126' title='bbox 661 1452 729 1499; x_wconf 84' lang='lat' dir='ltr'><strong>libro</strong></span> <span class='ocrx_word' id='word_1_127' title='bbox 752 1452 854 1500; x_wconf 83' lang='lat' dir='ltr'><em>XXIV.</em></span> <span class='ocrx_word' id='word_1_128' title='bbox 876 1455 913 1501; x_wconf 86' lang='lat' dir='ltr'><strong>ad</strong></span> <span class='ocrx_word' id='word_1_129' title='bbox 930 1455 1059 1503; x_wconf 82' lang='lat' dir='ltr'><strong>Edictum.</strong></span> <span class='ocrx_word' id='word_1_130' title='bbox 1095 1457 1186 1503; x_wconf 81' lang='lat' dir='ltr'><strong>Ceirur</strong></span> 
     </span>
     <span class='ocr_line' id='line_1_17' title="bbox 310 1511 1185 1586; baseline 0.008 -22"><span class='ocrx_word' id='word_1_131' title='bbox 310 1511 316 1530; x_wconf 78' lang='lat'>&#39;</span> <span class='ocrx_word' id='word_1_132' title='bbox 345 1519 448 1565; x_wconf 83' lang='lat' dir='ltr'><strong>rcribit:</strong></span> <span class='ocrx_word' id='word_1_133' title='bbox 461 1518 483 1563; x_wconf 87' lang='lat' dir='ltr'><strong>ri</strong></span> <span class='ocrx_word' id='word_1_134' title='bbox 493 1517 550 1576; x_wconf 84' lang='lat' dir='ltr'><strong>quir</strong></span> <span class='ocrx_word' id='word_1_135' title='bbox 562 1531 668 1579; x_wconf 87' lang='lat' dir='ltr'><strong>mercer,</strong></span> <span class='ocrx_word' id='word_1_136' title='bbox 680 1532 742 1578; x_wconf 84' lang='lat' dir='ltr'><strong>quer</strong></span> <span class='ocrx_word' id='word_1_137' title='bbox 754 1521 920 1568; x_wconf 80' lang='lat' dir='ltr'><strong>exvehendor</strong></span> <span class='ocrx_word' id='word_1_138' title='bbox 931 1524 1072 1586; x_wconf 81' lang='lat' dir='ltr'><strong>conduxit,</strong></span> <span class='ocrx_word' id='word_1_139' title='bbox 1085 1524 1112 1570; x_wconf 89' lang='lat' dir='ltr'><strong>in</strong></span> <span class='ocrx_word' id='word_1_140' title='bbox 1123 1525 1185 1571; x_wconf 93' lang='lat' dir='ltr'><strong>hor-</strong></span> 
     </span>
     <span class='ocr_line' id='line_1_18' title="bbox 345 1588 1183 1651; baseline 0.002 -16"><span class='ocrx_word' id='word_1_141' title='bbox 345 1600 391 1635; x_wconf 91' lang='lat' dir='ltr'><strong>reo</strong></span> <span class='ocrx_word' id='word_1_142' title='bbox 403 1588 506 1649; x_wconf 77' lang='lat' dir='ltr'>posuit,</span> <span class='ocrx_word' id='word_1_143' title='bbox 529 1600 587 1633; x_wconf 91' lang='lat' dir='ltr'><strong>cum</strong></span> <span class='ocrx_word' id='word_1_144' title='bbox 607 1588 764 1635; x_wconf 88' lang='lat' dir='ltr'><strong>conductore</strong></span> <span class='ocrx_word' id='word_1_145' title='bbox 784 1590 816 1635; x_wconf 84' lang='lat' dir='ltr'><strong>od</strong></span> <span class='ocrx_word' id='word_1_146' title='bbox 832 1591 1011 1639; x_wconf 78' lang='lat' dir='ltr'><strong>exhibendum</strong></span> <span class='ocrx_word' id='word_1_147' title='bbox 1037 1592 1079 1651; x_wconf 79' lang='lat' dir='ltr'><strong>egi</strong></span> <span class='ocrx_word' id='word_1_148' title='bbox 1100 1604 1183 1651; x_wconf 81' lang='lat' dir='ltr'><strong>poree.</strong></span> 
     </span>
     <span class='ocr_line' id='line_1_19' title="bbox 345 1655 1186 1722; baseline 0.002 -19"><span class='ocrx_word' id='word_1_149' title='bbox 345 1660 412 1709; x_wconf 82' lang='lat' dir='ltr'><strong>item</strong></span> <span class='ocrx_word' id='word_1_150' title='bbox 421 1656 444 1702; x_wconf 90' lang='lat' dir='ltr'><strong>ri</strong></span> <span class='ocrx_word' id='word_1_151' title='bbox 455 1661 558 1703; x_wconf 88' lang='lat' dir='ltr'><strong>mortuo</strong></span> <span class='ocrx_word' id='word_1_152' title='bbox 570 1655 729 1702; x_wconf 91' lang='lat' dir='ltr'><strong>conductore</strong></span> <span class='ocrx_word' id='word_1_153' title='bbox 740 1656 814 1704; x_wconf 85' lang='lat' dir='ltr'><strong>berer</strong></span> <span class='ocrx_word' id='word_1_154' title='bbox 824 1659 1186 1722; x_wconf 62' lang='lat' dir='ltr'><strong>exrirteteumheredeugen-</strong></span> 
     </span>
     <span class='ocr_line' id='line_1_20' title="bbox 321 1724 1187 1788; baseline 0.003 -17"><span class='ocrx_word' id='word_1_155' title='bbox 321 1727 323 1731; x_wconf 81' lang='grc'>’</span> <span class='ocrx_word' id='word_1_156' title='bbox 346 1726 420 1785; x_wconf 71' lang='lat' dir='ltr'><strong>doru,</strong></span> <span class='ocrx_word' id='word_1_157' title='bbox 432 1724 476 1770; x_wconf 82' lang='lat' dir='ltr'><strong>red</strong></span> <span class='ocrx_word' id='word_1_158' title='bbox 488 1724 510 1770; x_wconf 90' lang='lat' dir='ltr'><strong>ri</strong></span> <span class='ocrx_word' id='word_1_159' title='bbox 523 1737 598 1771; x_wconf 86' lang='lat' dir='ltr'><strong>nemo</strong></span> <span class='ocrx_word' id='word_1_160' title='bbox 610 1724 686 1770; x_wconf 90' lang='lat' dir='ltr'><strong>herer</strong></span> <span class='ocrx_word' id='word_1_161' title='bbox 697 1724 741 1788; x_wconf 89' lang='lat' dir='ltr'><strong>rit,</strong></span> <span class='ocrx_word' id='word_1_162' title='bbox 753 1738 809 1772; x_wconf 86' lang='lat' dir='ltr'><strong>cum</strong></span> <span class='ocrx_word' id='word_1_163' title='bbox 819 1726 955 1774; x_wconf 76' lang='lat' dir='ltr'><strong>horreario</strong></span> <span class='ocrx_word' id='word_1_164' title='bbox 967 1729 1108 1788; x_wconf 66' lang='lat' dir='ltr'><strong>egendum</strong></span> <span class='ocrx_word' id='word_1_165' title='bbox 1119 1728 1187 1774; x_wconf 81' lang='lat' dir='ltr'><strong>Nam</strong></span> 
     </span>
     <span class='ocr_line' id='line_1_21' title="bbox 346 1791 1186 1854; baseline 0.005 -15"><span class='ocrx_word' id='word_1_166' title='bbox 346 1796 370 1839; x_wconf 76' lang='lat' dir='ltr'><strong>rr·</strong></span> <span class='ocrx_word' id='word_1_167' title='bbox 380 1808 399 1839; x_wconf 80' lang='lat' dir='ltr'><em>a</em></span> <span class='ocrx_word' id='word_1_168' title='bbox 408 1794 479 1839; x_wconf 83' lang='lat' dir='ltr'><strong>nulio</strong></span> <span class='ocrx_word' id='word_1_169' title='bbox 487 1824 495 1848; x_wconf 93' lang='lat'>‚</span> <span class='ocrx_word' id='word_1_170' title='bbox 515 1791 615 1854; x_wconf 90' lang='lat' dir='ltr'><strong>inquit,</strong></span> <span class='ocrx_word' id='word_1_171' title='bbox 625 1793 812 1852; x_wconf 65' lang='lat' dir='ltr'><strong>ponerentur,</strong></span> <span class='ocrx_word' id='word_1_172' title='bbox 834 1810 923 1842; x_wconf 81' lang='lat' dir='ltr'><strong>verum</strong></span> <span class='ocrx_word' id='word_1_173' title='bbox 939 1803 993 1853; x_wconf 87' lang='lat' dir='ltr'><strong>ert,</strong></span> <span class='ocrx_word' id='word_1_174' title='bbox 1013 1802 1063 1843; x_wconf 81' lang='lat' dir='ltr'><strong>aut</strong></span> <span class='ocrx_word' id='word_1_175' title='bbox 1075 1795 1186 1843; x_wconf 81' lang='lat' dir='ltr'><strong>horrea·</strong></span> 
     </span>
     <span class='ocr_line' id='line_1_22' title="bbox 346 1861 1185 1926; baseline 0.004 -20"><span class='ocrx_word' id='word_1_176' title='bbox 346 1863 414 1906; x_wconf 80' lang='lat' dir='ltr'><strong>rium</strong></span> <span class='ocrx_word' id='word_1_177' title='bbox 432 1861 582 1919; x_wconf 73' lang='lat' dir='ltr'><strong>precidere,</strong></span> <span class='ocrx_word' id='word_1_178' title='bbox 602 1866 653 1907; x_wconf 80' lang='lat' dir='ltr'><strong>out</strong></span> <span class='ocrx_word' id='word_1_179' title='bbox 670 1868 742 1908; x_wconf 85' lang='lat' dir='ltr'><strong>certe</strong></span> <span class='ocrx_word' id='word_1_180' title='bbox 761 1864 806 1910; x_wconf 77' lang='lat' dir='ltr'><strong>ilie</strong></span> <span class='ocrx_word' id='word_1_181' title='bbox 822 1869 874 1923; x_wconf 88' lang='lat' dir='ltr'><strong>ert,</strong></span> <span class='ocrx_word' id='word_1_182' title='bbox 897 1865 944 1926; x_wconf 76' lang='lat' dir='ltr'><strong>qui</strong></span> <span class='ocrx_word' id='word_1_183' title='bbox 956 1867 1041 1923; x_wconf 71' lang='lat' dir='ltr'><strong>poerit</strong></span> <span class='ocrx_word' id='word_1_184' title='bbox 1053 1863 1185 1912; x_wconf 68' lang='lat' dir='ltr'><strong>exhibere.</strong></span> 
     </span>
     <span class='ocr_line' id='line_1_23' title="bbox 347 1928 1187 1993; baseline 0.004 -19"><span class='ocrx_word' id='word_1_185' title='bbox 347 1928 482 1975; x_wconf 85' lang='lat' dir='ltr'><strong>idemuit:</strong></span> <span class='ocrx_word' id='word_1_186' title='bbox 513 1931 642 1987; x_wconf 71' lang='lat' dir='ltr'><strong>Quomodo</strong></span> <span class='ocrx_word' id='word_1_187' title='bbox 662 1937 748 1978; x_wconf 82' lang='lat' dir='ltr'><strong>artem</strong></span> <span class='ocrx_word' id='word_1_188' title='bbox 762 1933 896 1992; x_wconf 79' lang='lat' dir='ltr'><strong>perridet,</strong></span> <span class='ocrx_word' id='word_1_189' title='bbox 922 1934 968 1993; x_wconf 83' lang='lat' dir='ltr'><strong>qui</strong></span> <span class='ocrx_word' id='word_1_190' title='bbox 989 1931 1187 1983; x_wconf 70' lang='lat' dir='ltr'><strong>veientanae·</strong></span> 
     </span>
     <span class='ocr_line' id='line_1_24' title="bbox 346 1992 1188 2065; baseline 0.004 -23"><span class='ocrx_word' id='word_1_191' title='bbox 346 1992 444 2043; x_wconf 76' lang='lat' dir='ltr'><strong>duriti</strong></span> <span class='ocrx_word' id='word_1_192' title='bbox 455 2011 490 2042; x_wconf 80' lang='lat' dir='ltr'><strong>ern</strong></span> <span class='ocrx_word' id='word_1_193' title='bbox 499 1999 562 2057; x_wconf 80' lang='lat' dir='ltr'><strong>quia</strong></span> <span class='ocrx_word' id='word_1_194' title='bbox 571 1998 679 2059; x_wconf 76' lang='lat' dir='ltr'><strong>pignore·</strong></span> <span class='ocrx_word' id='word_1_195' title='bbox 689 1995 776 2046; x_wconf 80' lang='lat' dir='ltr'><strong>teneri</strong></span> <span class='ocrx_word' id='word_1_196' title='bbox 788 1999 860 2053; x_wconf 78' lang='lat' dir='ltr'><strong>(ture</strong></span> <span class='ocrx_word' id='word_1_197' title='bbox 871 2001 1099 2065; x_wconf 87' lang='lat' dir='ltr'><strong>rpccierortendit,</strong></span> <span class='ocrx_word' id='word_1_198' title='bbox 1108 2000 1188 2047; x_wconf 83' lang='lat' dir='ltr'><strong>etiem</strong></span> 
     </span>
     <span class='ocr_line' id='line_1_25' title="bbox 346 2063 1187 2130; baseline 0.001 -18"><span class='ocrx_word' id='word_1_199' title='bbox 346 2077 400 2125; x_wconf 89' lang='lat' dir='ltr'><strong>eor,</strong></span> <span class='ocrx_word' id='word_1_200' title='bbox 412 2063 456 2121; x_wconf 85' lang='lat' dir='ltr'><strong>qui</strong></span> <span class='ocrx_word' id='word_1_201' title='bbox 463 2064 614 2113; x_wconf 86' lang='lat' dir='ltr'><strong>trcultrtem</strong></span> <span class='ocrx_word' id='word_1_202' title='bbox 625 2066 765 2114; x_wconf 87' lang='lat' dir='ltr'><strong>exhibendi</strong></span> <span class='ocrx_word' id='word_1_203' title='bbox 775 2068 879 2130; x_wconf 79' lang='lat' dir='ltr'><strong>habent,</strong></span> <span class='ocrx_word' id='word_1_204' title='bbox 888 2069 919 2114; x_wconf 83' lang='lat' dir='ltr'><strong>ed</strong></span> <span class='ocrx_word' id='word_1_205' title='bbox 931 2068 1103 2118; x_wconf 86' lang='lat' dir='ltr'><strong>exhibendum</strong></span> <span class='ocrx_word' id='word_1_206' title='bbox 1114 2071 1187 2115; x_wconf 90' lang='lat' dir='ltr'><strong>tene-</strong></span> 
     </span>
     <span class='ocr_line' id='line_1_26' title="bbox 346 2131 1187 2194; baseline 0.004 -16"><span class='ocrx_word' id='word_1_207' title='bbox 346 2133 379 2179; x_wconf 88' lang='lat' dir='ltr'><strong>ri.</strong></span> <span class='ocrx_word' id='word_1_208' title='bbox 417 2135 440 2192; x_wconf 86' lang='grc'><strong>5.</strong></span> <span class='ocrx_word' id='word_1_209' title='bbox 455 2133 477 2178; x_wconf 92' lang='lat' dir='ltr'><strong>l.</strong></span> <span class='ocrx_word' id='word_1_210' title='bbox 489 2131 605 2179; x_wconf 84' lang='lat' dir='ltr'><strong>lulirnur</strong></span> <span class='ocrx_word' id='word_1_211' title='bbox 615 2135 693 2182; x_wconf 81' lang='lat' dir='ltr'><strong>etiem</strong></span> <span class='ocrx_word' id='word_1_212' title='bbox 704 2135 739 2182; x_wconf 83' lang='lat' dir='ltr'><strong>ite</strong></span> <span class='ocrx_word' id='word_1_213' title='bbox 751 2136 883 2194; x_wconf 86' lang='lat' dir='ltr'><strong>rcribit,ud</strong></span> <span class='ocrx_word' id='word_1_214' title='bbox 895 2137 1068 2185; x_wconf 81' lang='lat' dir='ltr'><strong>exhibendum</strong></span> <span class='ocrx_word' id='word_1_215' title='bbox 1083 2137 1187 2184; x_wconf 78' lang='lat' dir='ltr'><strong>actione</strong></span> 
     </span>
     <span class='ocr_line' id='line_1_27' title="bbox 346 2200 1188 2263; baseline 0.004 -17"><span class='ocrx_word' id='word_1_216' title='bbox 346 2200 432 2248; x_wconf 85' lang='lat' dir='ltr'><strong>teneri</strong></span> <span class='ocrx_word' id='word_1_217' title='bbox 449 2212 521 2261; x_wconf 89' lang='lat' dir='ltr'><strong>eum,</strong></span> <span class='ocrx_word' id='word_1_218' title='bbox 543 2200 587 2259; x_wconf 91' lang='lat' dir='ltr'><strong>qui</strong></span> <span class='ocrx_word' id='word_1_219' title='bbox 597 2215 683 2249; x_wconf 88' lang='lat' dir='ltr'><strong>rerum</strong></span> <span class='ocrx_word' id='word_1_220' title='bbox 703 2204 745 2250; x_wconf 86' lang='lat' dir='ltr'><strong>vel</strong></span> <span class='ocrx_word' id='word_1_221' title='bbox 755 2203 901 2263; x_wconf 77' lang='lat' dir='ltr'><strong>legatorum</strong></span> <span class='ocrx_word' id='word_1_222' title='bbox 912 2207 1099 2253; x_wconf 71' lang='lat' dir='ltr'><strong>tetrardorum</strong></span> <span class='ocrx_word' id='word_1_223' title='bbox 1110 2216 1188 2251; x_wconf 85' lang='lat' dir='ltr'><strong>crurr</strong></span> 
     </span>
     <span class='ocr_line' id='line_1_28' title="bbox 347 2268 1187 2331; baseline 0.002 -15"><span class='ocrx_word' id='word_1_224' title='bbox 347 2271 376 2316; x_wconf 90' lang='lat' dir='ltr'><strong>in</strong></span> <span class='ocrx_word' id='word_1_225' title='bbox 396 2268 563 2328; x_wconf 88' lang='lat' dir='ltr'><strong>porrerrione</strong></span> <span class='ocrx_word' id='word_1_226' title='bbox 583 2269 635 2329; x_wconf 87' lang='lat' dir='ltr'><strong>rit;</strong></span> <span class='ocrx_word' id='word_1_227' title='bbox 658 2271 739 2319; x_wconf 89' lang='lat' dir='ltr'><strong>redet</strong></span> <span class='ocrx_word' id='word_1_228' title='bbox 750 2285 823 2331; x_wconf 92' lang='lat' dir='ltr'><strong>eum,</strong></span> <span class='ocrx_word' id='word_1_229' title='bbox 844 2272 888 2329; x_wconf 79' lang='lat' dir='ltr'><strong>qui</strong></span> <span class='ocrx_word' id='word_1_230' title='bbox 909 2273 1187 2322; x_wconf 87' lang='lat' dir='ltr'><strong>ururiructurnomine</strong></span> 
     </span>
     <span class='ocr_line' id='line_1_29' title="bbox 346 2338 1186 2399; baseline 0.001 -13"><span class='ocrx_word' id='word_1_231' title='bbox 346 2354 400 2386; x_wconf 87' lang='lat' dir='ltr'><strong>rem</strong></span> <span class='ocrx_word' id='word_1_232' title='bbox 411 2339 514 2398; x_wconf 78' lang='lat' dir='ltr'><strong>teneat,</strong></span> <span class='ocrx_word' id='word_1_233' title='bbox 533 2338 650 2397; x_wconf 85' lang='lat' dir='ltr'><strong>quomrir</strong></span> <span class='ocrx_word' id='word_1_234' title='bbox 662 2352 710 2385; x_wconf 93' lang='lat' dir='ltr'><strong>nec</strong></span> <span class='ocrx_word' id='word_1_235' title='bbox 721 2339 761 2385; x_wconf 93' lang='lat' dir='ltr'><strong>hic</strong></span> <span class='ocrx_word' id='word_1_236' title='bbox 772 2339 861 2398; x_wconf 89' lang='lat' dir='ltr'><strong>utique</strong></span> <span class='ocrx_word' id='word_1_237' title='bbox 873 2342 1012 2399; x_wconf 88' lang='lat' dir='ltr'><strong>porridert.</strong></span> <span class='ocrx_word' id='word_1_238' title='bbox 1030 2343 1093 2389; x_wconf 92' lang='lat' dir='ltr'><strong>lnde</strong></span> <span class='ocrx_word' id='word_1_239' title='bbox 1105 2341 1186 2387; x_wconf 79' lang='lat' dir='ltr'><strong>luliu-</strong></span> 
     </span>
     <span class='ocr_line' id='line_1_30' title="bbox 345 2405 1187 2469; baseline 0.004 -17"><span class='ocrx_word' id='word_1_240' title='bbox 345 2421 395 2453; x_wconf 88' lang='lat' dir='ltr'><strong>uur</strong></span> <span class='ocrx_word' id='word_1_241' title='bbox 406 2405 508 2463; x_wconf 77' lang='lat' dir='ltr'><strong>quaerit</strong></span> <span class='ocrx_word' id='word_1_242' title='bbox 518 2418 524 2452; x_wconf 91' lang='lat'>:</span> <span class='ocrx_word' id='word_1_243' title='bbox 534 2409 662 2464; x_wconf 84' lang='lat' dir='ltr'><strong>qurtcnur</strong></span> <span class='ocrx_word' id='word_1_244' title='bbox 673 2407 721 2454; x_wconf 90' lang='lat' dir='ltr'><strong>hor</strong></span> <span class='ocrx_word' id='word_1_245' title='bbox 733 2410 854 2466; x_wconf 74' lang='lat' dir='ltr'><strong>oporteat</strong></span> <span class='ocrx_word' id='word_1_246' title='bbox 865 2410 1008 2458; x_wconf 82' lang='lat' dir='ltr'><strong>exhiberet</strong></span> <span class='ocrx_word' id='word_1_247' title='bbox 1020 2415 1046 2458; x_wconf 89' lang='lat' dir='ltr'><strong>et</strong></span> <span class='ocrx_word' id='word_1_248' title='bbox 1056 2409 1106 2457; x_wconf 84' lang='lat' dir='ltr'><strong>rit:</strong></span> <span class='ocrx_word' id='word_1_249' title='bbox 1116 2409 1187 2469; x_wconf 89' lang='lat' dir='ltr'><strong>prio·</strong></span> 
     </span>
     <span class='ocr_line' id='line_1_31' title="bbox 345 2472 1186 2542; baseline 0.004 -21"><span class='ocrx_word' id='word_1_250' title='bbox 345 2490 398 2521; x_wconf 89' lang='lat' dir='ltr'><strong>rem</strong></span> <span class='ocrx_word' id='word_1_251' title='bbox 411 2472 514 2533; x_wconf 90' lang='lat' dir='ltr'><strong>quidem</strong></span> <span class='ocrx_word' id='word_1_252' title='bbox 525 2473 576 2536; x_wconf 85' lang='lat' dir='ltr'><strong>ric,</strong></span> <span class='ocrx_word' id='word_1_253' title='bbox 596 2478 625 2519; x_wconf 92' lang='lat' dir='ltr'><strong>ut</strong></span> <span class='ocrx_word' id='word_1_254' title='bbox 637 2478 711 2521; x_wconf 84' lang='lat' dir='ltr'><strong>ector</strong></span> <span class='ocrx_word' id='word_1_255' title='bbox 721 2475 911 2534; x_wconf 77' lang='lat' dir='ltr'><strong>porrectionem</strong></span> <span class='ocrx_word' id='word_1_256' title='bbox 922 2479 1028 2542; x_wconf 85' lang='lat' dir='ltr'><strong>hubert,</strong></span> <span class='ocrx_word' id='word_1_257' title='bbox 1051 2478 1073 2524; x_wconf 91' lang='lat' dir='ltr'><strong>ir</strong></span> <span class='ocrx_word' id='word_1_258' title='bbox 1091 2481 1186 2538; x_wconf 81' lang='lat' dir='ltr'><strong>eutem,</strong></span> 
     </span>
     <span class='ocr_line' id='line_1_32' title="bbox 347 2543 1187 2605; baseline 0.005 -18"><span class='ocrx_word' id='word_1_259' title='bbox 347 2557 405 2589; x_wconf 82' lang='lat' dir='ltr'><strong>cum</strong></span> <span class='ocrx_word' id='word_1_260' title='bbox 428 2554 478 2599; x_wconf 85' lang='lat' dir='ltr'><strong>quo</strong></span> <span class='ocrx_word' id='word_1_261' title='bbox 500 2544 605 2603; x_wconf 76' lang='lat' dir='ltr'><strong>egetur,</strong></span> <span class='ocrx_word' id='word_1_262' title='bbox 637 2543 675 2589; x_wconf 89' lang='lat' dir='ltr'><strong>rei</strong></span> <span class='ocrx_word' id='word_1_263' title='bbox 687 2545 829 2590; x_wconf 82' lang='lat' dir='ltr'><strong>rervundre</strong></span> <span class='ocrx_word' id='word_1_264' title='bbox 840 2556 917 2593; x_wconf 82' lang='lat' dir='ltr'><strong>crum</strong></span> <span class='ocrx_word' id='word_1_265' title='bbox 927 2546 961 2591; x_wconf 91' lang='lat' dir='ltr'><strong>rit</strong></span> <span class='ocrx_word' id='word_1_266' title='bbox 974 2547 1002 2593; x_wconf 89' lang='lat' dir='ltr'><strong>in</strong></span> <span class='ocrx_word' id='word_1_267' title='bbox 1013 2545 1187 2605; x_wconf 83' lang='lat' dir='ltr'><strong>porrerrionc,</strong></span> 
     </span>
     <span class='ocr_line' id='line_1_33' title="bbox 346 2608 1187 2676; baseline 0.001 -18"><span class='ocrx_word' id='word_1_268' title='bbox 346 2625 404 2658; x_wconf 85' lang='lat' dir='ltr'><strong>eum</strong></span> <span class='ocrx_word' id='word_1_269' title='bbox 415 2622 494 2669; x_wconf 83' lang='lat' dir='ltr'><strong>vero,</strong></span> <span class='ocrx_word' id='word_1_270' title='bbox 514 2608 557 2665; x_wconf 87' lang='lat' dir='ltr'><strong>qni</strong></span> <span class='ocrx_word' id='word_1_271' title='bbox 569 2612 754 2663; x_wconf 58' lang='lat' dir='ltr'><strong>usumfructum</strong></span> <span class='ocrx_word' id='word_1_272' title='bbox 764 2611 870 2673; x_wconf 83' lang='lat' dir='ltr'><strong>hubert,</strong></span> <span class='ocrx_word' id='word_1_273' title='bbox 882 2613 928 2676; x_wconf 90' lang='lat' dir='ltr'><strong>ric,</strong></span> <span class='ocrx_word' id='word_1_274' title='bbox 939 2616 968 2660; x_wconf 92' lang='lat' dir='ltr'><strong>ut</strong></span> <span class='ocrx_word' id='word_1_275' title='bbox 979 2618 1053 2661; x_wconf 81' lang='lat' dir='ltr'><strong>ector</strong></span> <span class='ocrx_word' id='word_1_276' title='bbox 1063 2626 1117 2660; x_wconf 91' lang='lat' dir='ltr'><strong>rem</strong></span> <span class='ocrx_word' id='word_1_277' title='bbox 1127 2626 1187 2674; x_wconf 90' lang='lat' dir='ltr'><strong>por-</strong></span> 
     </span>
     <span class='ocr_line' id='line_1_34' title="bbox 345 2670 1186 2743; baseline 0.004 -18"><span class='ocrx_word' id='word_1_278' title='bbox 345 2680 444 2741; x_wconf 83' lang='lat' dir='ltr'><strong>ridert,</strong></span> <span class='ocrx_word' id='word_1_279' title='bbox 463 2677 502 2737; x_wconf 86' lang='lat' dir='ltr'><strong>ir,</strong></span> <span class='ocrx_word' id='word_1_280' title='bbox 522 2689 578 2722; x_wconf 91' lang='lat' dir='ltr'><strong>cum</strong></span> <span class='ocrx_word' id='word_1_281' title='bbox 590 2670 640 2735; x_wconf 67' lang='lat' dir='ltr'><strong>duo</strong></span> <span class='ocrx_word' id='word_1_282' title='bbox 652 2682 760 2741; x_wconf 80' lang='lat' dir='ltr'><strong>egetur,</strong></span> <span class='ocrx_word' id='word_1_283' title='bbox 781 2682 870 2727; x_wconf 86' lang='lat' dir='ltr'><strong>ututur</strong></span> <span class='ocrx_word' id='word_1_284' title='bbox 887 2682 1000 2729; x_wconf 79' lang='lat' dir='ltr'><strong>fruetur.</strong></span> <span class='ocrx_word' id='word_1_285' title='bbox 1037 2684 1061 2743; x_wconf 98' lang='grc'><strong>5.</strong></span> <span class='ocrx_word' id='word_1_286' title='bbox 1074 2683 1097 2727; x_wconf 83' lang='grc'><strong>2.</strong></span> <span class='ocrx_word' id='word_1_287' title='bbox 1117 2683 1186 2730; x_wconf 87' lang='lat' dir='ltr'><strong>idem</strong></span> 
     </span>
     <span class='ocr_line' id='line_1_35' title="bbox 346 2743 1187 2812; baseline 0.005 -20"><span class='ocrx_word' id='word_1_288' title='bbox 346 2746 464 2793; x_wconf 82' lang='lat' dir='ltr'><strong>lulianur</strong></span> <span class='ocrx_word' id='word_1_289' title='bbox 475 2743 580 2791; x_wconf 89' lang='lat' dir='ltr'><strong>rcribit:</strong></span> <span class='ocrx_word' id='word_1_290' title='bbox 592 2750 730 2809; x_wconf 89' lang='lat' dir='ltr'><strong>emtorem,</strong></span> <span class='ocrx_word' id='word_1_291' title='bbox 742 2747 785 2805; x_wconf 91' lang='lat' dir='ltr'><strong>qui</strong></span> <span class='ocrx_word' id='word_1_292' title='bbox 796 2750 857 2793; x_wconf 79' lang='lat' dir='ltr'><strong>rute</strong></span> <span class='ocrx_word' id='word_1_293' title='bbox 867 2761 942 2796; x_wconf 84' lang='lat' dir='ltr'><strong>crem</strong></span> <span class='ocrx_word' id='word_1_294' title='bbox 953 2764 1007 2798; x_wconf 88' lang='lat' dir='ltr'><strong>non</strong></span> <span class='ocrx_word' id='word_1_295' title='bbox 1018 2749 1143 2812; x_wconf 73' lang='lat' dir='ltr'><strong>restituit,</strong></span> <span class='ocrx_word' id='word_1_296' title='bbox 1155 2750 1187 2796; x_wconf 86' lang='lat' dir='ltr'><strong>od</strong></span> 
     </span>
     <span class='ocr_line' id='line_1_36' title="bbox 345 2813 1186 2877; baseline 0.004 -16"><span class='ocrx_word' id='word_1_297' title='bbox 345 2813 517 2861; x_wconf 73' lang='lat' dir='ltr'><strong>exhibendum</strong></span> <span class='ocrx_word' id='word_1_298' title='bbox 529 2814 624 2870; x_wconf 88' lang='lat' dir='ltr'><strong>teneri,</strong></span> <span class='ocrx_word' id='word_1_299' title='bbox 644 2814 671 2860; x_wconf 91' lang='lat' dir='ltr'><strong>in</strong></span> <span class='ocrx_word' id='word_1_300' title='bbox 684 2818 806 2872; x_wconf 77' lang='lat' dir='ltr'><strong>quantum</strong></span> <span class='ocrx_word' id='word_1_301' title='bbox 818 2816 845 2861; x_wconf 90' lang='lat' dir='ltr'><strong>in</strong></span> <span class='ocrx_word' id='word_1_302' title='bbox 856 2815 929 2863; x_wconf 91' lang='lat' dir='ltr'><strong>litem</strong></span> <span class='ocrx_word' id='word_1_303' title='bbox 940 2817 1079 2877; x_wconf 75' lang='lat' dir='ltr'><strong>iuraver03</strong></span> <span class='ocrx_word' id='word_1_304' title='bbox 1092 2819 1137 2866; x_wconf 90' lang='lat' dir='ltr'><strong>red</strong></span> <span class='ocrx_word' id='word_1_305' title='bbox 1150 2818 1186 2865; x_wconf 91' lang='lat' dir='ltr'><strong>ibi</strong></span> 
     </span>
     <span class='ocr_line' id='line_1_37' title="bbox 344 2882 1186 2951; baseline 0.001 -21"><span class='ocrx_word' id='word_1_306' title='bbox 344 2882 449 2930; x_wconf 86' lang='lat' dir='ltr'><strong>rdiieit:</strong></span> <span class='ocrx_word' id='word_1_307' title='bbox 460 2882 483 2927; x_wconf 90' lang='lat' dir='ltr'><strong>ri</strong></span> <span class='ocrx_word' id='word_1_308' title='bbox 494 2884 578 2927; x_wconf 88' lang='lat' dir='ltr'><strong>emtor</strong></span> <span class='ocrx_word' id='word_1_309' title='bbox 589 2882 782 2941; x_wconf 84' lang='lat' dir='ltr'><strong>porridert,rut</strong></span> <span class='ocrx_word' id='word_1_310' title='bbox 792 2885 853 2932; x_wconf 88' lang='lat' dir='ltr'><strong>dolo</strong></span> <span class='ocrx_word' id='word_1_311' title='bbox 864 2885 964 2951; x_wconf 87' lang='lat' dir='ltr'><strong>iecerit,</strong></span> <span class='ocrx_word' id='word_1_312' title='bbox 970 2901 1022 2946; x_wconf 89' lang='lat' dir='ltr'><strong>quo</strong></span> <span class='ocrx_word' id='word_1_313' title='bbox 1032 2888 1116 2935; x_wconf 80' lang='lat' dir='ltr'><strong>minue</strong></span> <span class='ocrx_word' id='word_1_314' title='bbox 1127 2899 1186 2947; x_wconf 85' lang='lat' dir='ltr'><strong>por-</strong></span> 
     </span>
     <span class='ocr_line' id='line_1_38' title="bbox 344 2950 1187 3017; baseline 0.006 -20"><span class='ocrx_word' id='word_1_315' title='bbox 344 2951 436 2998; x_wconf 87' lang='lat' dir='ltr'><strong>rideut.</strong></span> <span class='ocrx_word' id='word_1_316' title='bbox 473 2950 497 3009; x_wconf 88' lang='grc'><strong>5.</strong></span> <span class='ocrx_word' id='word_1_317' title='bbox 510 2950 534 2994; x_wconf 81' lang='grc'><strong>3.</strong></span> <span class='ocrx_word' id='word_1_318' title='bbox 547 2951 613 2996; x_wconf 88' lang='lat' dir='ltr'><strong>item</strong></span> <span class='ocrx_word' id='word_1_319' title='bbox 623 2950 713 2997; x_wconf 83' lang='lat' dir='ltr'><strong>Celrur</strong></span> <span class='ocrx_word' id='word_1_320' title='bbox 723 2951 828 3000; x_wconf 89' lang='lat' dir='ltr'><strong>rcribit:</strong></span> <span class='ocrx_word' id='word_1_321' title='bbox 847 2955 963 3017; x_wconf 88' lang='lat' dir='ltr'><strong>rtercur,</strong></span> <span class='ocrx_word' id='word_1_322' title='bbox 980 2956 1049 3015; x_wconf 88' lang='lat' dir='ltr'><strong>quod</strong></span> <span class='ocrx_word' id='word_1_323' title='bbox 1062 2956 1090 3001; x_wconf 90' lang='lat' dir='ltr'><strong>in</strong></span> <span class='ocrx_word' id='word_1_324' title='bbox 1100 2968 1187 3003; x_wconf 83' lang='lat' dir='ltr'><strong>ereum</strong></span> 
     </span>
     <span class='ocr_line' id='line_1_39' title="bbox 344 3016 1186 3085; baseline 0.002 -18"><span class='ocrx_word' id='word_1_325' title='bbox 344 3033 427 3067; x_wconf 79' lang='lat' dir='ltr'><strong>meam</strong></span> <span class='ocrx_word' id='word_1_326' title='bbox 448 3017 618 3080; x_wconf 75' lang='lat' dir='ltr'><strong>congerrirti,</strong></span> <span class='ocrx_word' id='word_1_327' title='bbox 639 3032 686 3077; x_wconf 91' lang='lat' dir='ltr'><strong>per</strong></span> <span class='ocrx_word' id='word_1_328' title='bbox 702 3020 735 3067; x_wconf 90' lang='lat' dir='ltr'><strong>rd</strong></span> <span class='ocrx_word' id='word_1_329' title='bbox 752 3016 923 3070; x_wconf 68' lang='lat' dir='ltr'><strong>exhibentium</strong></span> <span class='ocrx_word' id='word_1_330' title='bbox 933 3024 1062 3072; x_wconf 80' lang='lat' dir='ltr'><strong>ortionem</strong></span> <span class='ocrx_word' id='word_1_331' title='bbox 1073 3037 1149 3085; x_wconf 84' lang='lat' dir='ltr'><strong>porre</strong></span> <span class='ocrx_word' id='word_1_332' title='bbox 1160 3026 1186 3070; x_wconf 89' lang='lat' dir='ltr'><strong>te</strong></span> 
     </span>
     <span class='ocr_line' id='line_1_40' title="bbox 345 3085 1187 3153; baseline 0.004 -18"><span class='ocrx_word' id='word_1_333' title='bbox 345 3085 485 3150; x_wconf 88' lang='lat' dir='ltr'><strong>coureqoi,</strong></span> <span class='ocrx_word' id='word_1_334' title='bbox 508 3088 537 3130; x_wconf 90' lang='lat' dir='ltr'><strong>ut</strong></span> <span class='ocrx_word' id='word_1_335' title='bbox 548 3086 643 3153; x_wconf 87' lang='lat' dir='ltr'><strong>tollor,</strong></span> <span class='ocrx_word' id='word_1_336' title='bbox 655 3088 693 3136; x_wconf 88' lang='lat' dir='ltr'><strong>ric</strong></span> <span class='ocrx_word' id='word_1_337' title='bbox 703 3091 801 3151; x_wconf 83' lang='lat' dir='ltr'><strong>tumen,</strong></span> <span class='ocrx_word' id='word_1_338' title='bbox 822 3093 852 3136; x_wconf 89' lang='lat' dir='ltr'><strong>ut</strong></span> <span class='ocrx_word' id='word_1_339' title='bbox 863 3093 946 3139; x_wconf 91' lang='lat' dir='ltr'><strong>totum</strong></span> <span class='ocrx_word' id='word_1_340' title='bbox 958 3094 1052 3151; x_wconf 78' lang='lat' dir='ltr'><strong>totler3</strong></span> <span class='ocrx_word' id='word_1_341' title='bbox 1071 3095 1187 3141; x_wconf 90' lang='lat' dir='ltr'><strong>ceterum</strong></span> 
     </span>
     <span class='ocr_line' id='line_1_41' title="bbox 258 3150 1186 3217; baseline 0.003 -15"><span class='ocrx_word' id='word_1_342' title='bbox 258 3150 264 3161; x_wconf 64' lang='lat'><strong>⁴</strong></span> <span class='ocrx_word' id='word_1_343' title='bbox 345 3158 410 3204; x_wconf 84' lang='lat' dir='ltr'><strong>oller</strong></span> <span class='ocrx_word' id='word_1_344' title='bbox 422 3167 475 3202; x_wconf 91' lang='lat' dir='ltr'><strong>uon</strong></span> <span class='ocrx_word' id='word_1_345' title='bbox 487 3166 571 3213; x_wconf 82' lang='lat' dir='ltr'><strong>porro.</strong></span> <span class='ocrx_word' id='word_1_346' title='bbox 608 3158 631 3217; x_wconf 94' lang='grc'><strong>5.</strong></span> <span class='ocrx_word' id='word_1_347' title='bbox 644 3159 668 3203; x_wconf 94' lang='grc'><strong>4.</strong></span> <span class='ocrx_word' id='word_1_348' title='bbox 681 3158 732 3204; x_wconf 87' lang='lat' dir='ltr'><strong>Sed</strong></span> <span class='ocrx_word' id='word_1_349' title='bbox 743 3161 769 3205; x_wconf 89' lang='lat' dir='ltr'><strong>et</strong></span> <span class='ocrx_word' id='word_1_350' title='bbox 780 3158 802 3205; x_wconf 93' lang='lat' dir='ltr'><strong>ri</strong></span> <span class='ocrx_word' id='word_1_351' title='bbox 813 3159 879 3206; x_wconf 82' lang='lat' dir='ltr'><strong>retir</strong></span> <span class='ocrx_word' id='word_1_352' title='bbox 889 3159 974 3208; x_wconf 84' lang='lat' dir='ltr'><strong>deirte&#39;</strong></span> <span class='ocrx_word' id='word_1_353' title='bbox 986 3161 1021 3208; x_wconf 88' lang='lat' dir='ltr'><strong>rit</strong></span> <span class='ocrx_word' id='word_1_354' title='bbox 1033 3161 1057 3206; x_wconf 83' lang='lat' dir='ltr'><strong>ri</strong></span> <span class='ocrx_word' id='word_1_355' title='bbox 1072 3159 1186 3208; x_wconf 87' lang='lat' dir='ltr'><strong>ttumiuir</strong></span> 
     </span>
     <span class='ocr_line' id='line_1_42' title="bbox 346 3220 1185 3290; baseline 0.005 -18"><span class='ocrx_word' id='word_1_356' title='bbox 346 3225 374 3272; x_wconf 89' lang='lat' dir='ltr'><strong>in</strong></span> <span class='ocrx_word' id='word_1_357' title='bbox 395 3237 486 3284; x_wconf 74' lang='lat' dir='ltr'><strong>agrum</strong></span> <span class='ocrx_word' id='word_1_358' title='bbox 502 3220 626 3286; x_wconf 72' lang='lat' dir='ltr'><strong>ulterior,</strong></span> <span class='ocrx_word' id='word_1_359' title='bbox 646 3238 723 3284; x_wconf 89' lang='lat' dir='ltr'><strong>porre</strong></span> <span class='ocrx_word' id='word_1_360' title='bbox 739 3239 797 3274; x_wconf 89' lang='lat' dir='ltr'><strong>eum</strong></span> <span class='ocrx_word' id='word_1_361' title='bbox 808 3228 945 3277; x_wconf 86' lang='lat' dir='ltr'><strong>conveniri</strong></span> <span class='ocrx_word' id='word_1_362' title='bbox 954 3229 985 3275; x_wconf 86' lang='lat' dir='ltr'><strong>rd</strong></span> <span class='ocrx_word' id='word_1_363' title='bbox 1003 3228 1185 3290; x_wconf 80' lang='lat' dir='ltr'><strong>exhibendum,</strong></span> 
     </span>
     <span class='ocr_line' id='line_1_43' title="bbox 345 3292 1185 3354; baseline 0 -13"><span class='ocrx_word' id='word_1_364' title='bbox 345 3292 469 3341; x_wconf 85' lang='lat' dir='ltr'><strong>Nerrtiur</strong></span> <span class='ocrx_word' id='word_1_365' title='bbox 480 3292 580 3339; x_wconf 90' lang='lat' dir='ltr'><strong>rcrihit.</strong></span> <span class='ocrx_word' id='word_1_366' title='bbox 611 3293 684 3341; x_wconf 84' lang='lat' dir='ltr'><strong>Unde</strong></span> <span class='ocrx_word' id='word_1_367' title='bbox 695 3295 797 3354; x_wconf 75' lang='lat' dir='ltr'><strong>quaerit</strong></span> <span class='ocrx_word' id='word_1_368' title='bbox 807 3297 943 3345; x_wconf 88' lang='lat' dir='ltr'><strong>Nerrtiur:</strong></span> <span class='ocrx_word' id='word_1_369' title='bbox 955 3299 1041 3344; x_wconf 89' lang='lat' dir='ltr'><strong>utrum</strong></span> <span class='ocrx_word' id='word_1_370' title='bbox 1054 3297 1085 3344; x_wconf 90' lang='lat' dir='ltr'><strong>de</strong></span> <span class='ocrx_word' id='word_1_371' title='bbox 1097 3299 1185 3344; x_wconf 85' lang='lat' dir='ltr'><strong>tuturo</strong></span> 
     </span>
     <span class='ocr_line' id='line_1_44' title="bbox 346 3361 1186 3425; baseline 0.001 -16"><span class='ocrx_word' id='word_1_372' title='bbox 346 3364 476 3409; x_wconf 75' lang='lat' dir='ltr'><strong>duntaxat</strong></span> <span class='ocrx_word' id='word_1_373' title='bbox 488 3361 582 3407; x_wconf 86' lang='lat' dir='ltr'><strong>drmno</strong></span> <span class='ocrx_word' id='word_1_374' title='bbox 589 3394 597 3425; x_wconf 91' lang='lat'><strong>,</strong></span> <span class='ocrx_word' id='word_1_375' title='bbox 628 3375 662 3409; x_wconf 85' lang='lat' dir='ltr'><strong>ou</strong></span> <span class='ocrx_word' id='word_1_376' title='bbox 673 3366 699 3409; x_wconf 90' lang='lat' dir='ltr'><strong>et</strong></span> <span class='ocrx_word' id='word_1_377' title='bbox 711 3363 742 3410; x_wconf 91' lang='lat' dir='ltr'><strong>de</strong></span> <span class='ocrx_word' id='word_1_378' title='bbox 752 3366 896 3422; x_wconf 88' lang='lat' dir='ltr'><strong>prreterito</strong></span> <span class='ocrx_word' id='word_1_379' title='bbox 907 3365 1011 3413; x_wconf 87' lang='lat' dir='ltr'><strong>domino</strong></span> <span class='ocrx_word' id='word_1_380' title='bbox 1022 3365 1078 3423; x_wconf 80' lang='lat' dir='ltr'><strong>egri</strong></span> <span class='ocrx_word' id='word_1_381' title='bbox 1091 3379 1186 3414; x_wconf 78' lang='lat' dir='ltr'><strong>caven·</strong></span> 
     </span>
     <span class='ocr_line' id='line_1_45' title="bbox 346 3429 1184 3495; baseline 0.004 -19"><span class='ocrx_word' id='word_1_382' title='bbox 346 3430 405 3476; x_wconf 91' lang='lat' dir='ltr'><strong>dum</strong></span> <span class='ocrx_word' id='word_1_383' title='bbox 416 3429 468 3476; x_wconf 84' lang='lat' dir='ltr'><strong>riti</strong></span> <span class='ocrx_word' id='word_1_384' title='bbox 488 3430 514 3476; x_wconf 93' lang='lat' dir='ltr'><strong>et</strong></span> <span class='ocrx_word' id='word_1_385' title='bbox 525 3429 562 3475; x_wconf 86' lang='lat' dir='ltr'><strong>uit</strong></span> <span class='ocrx_word' id='word_1_386' title='bbox 573 3443 579 3476; x_wconf 92' lang='lat'><strong>:</strong></span> <span class='ocrx_word' id='word_1_387' title='bbox 597 3430 677 3477; x_wconf 83' lang='lat' dir='ltr'><strong>etium</strong></span> <span class='ocrx_word' id='word_1_388' title='bbox 687 3430 719 3477; x_wconf 91' lang='lat' dir='ltr'><strong>de</strong></span> <span class='ocrx_word' id='word_1_389' title='bbox 729 3433 872 3491; x_wconf 71' lang='lat' dir='ltr'><strong>praeterito</strong></span> <span class='ocrx_word' id='word_1_390' title='bbox 884 3433 969 3481; x_wconf 80' lang='lat' dir='ltr'><strong>cereri</strong></span> <span class='ocrx_word' id='word_1_391' title='bbox 980 3438 1110 3494; x_wconf 82' lang='lat' dir='ltr'><strong>oportere.</strong></span> <span class='ocrx_word' id='word_1_392' title='bbox 1130 3434 1184 3495; x_wconf 85' lang='grc'><strong>55.</strong></span> 
     </span>
     <span class='ocr_line' id='line_1_46' title="bbox 346 3496 1186 3558; baseline 0.001 -13"><span class='ocrx_word' id='word_1_393' title='bbox 346 3499 395 3545; x_wconf 84' lang='lat' dir='ltr'><strong>Sed</strong></span> <span class='ocrx_word' id='word_1_394' title='bbox 413 3500 439 3545; x_wconf 90' lang='lat' dir='ltr'><strong>et</strong></span> <span class='ocrx_word' id='word_1_395' title='bbox 456 3497 479 3543; x_wconf 92' lang='lat' dir='ltr'><strong>ri</strong></span> <span class='ocrx_word' id='word_1_396' title='bbox 496 3496 528 3543; x_wconf 91' lang='lat' dir='ltr'><strong>de</strong></span> <span class='ocrx_word' id='word_1_397' title='bbox 538 3497 616 3543; x_wconf 83' lang='lat' dir='ltr'><strong>ruine</strong></span> <span class='ocrx_word' id='word_1_398' title='bbox 627 3498 725 3558; x_wconf 74' lang='lat' dir='ltr'><strong>aliquid</strong></span> <span class='ocrx_word' id='word_1_399' title='bbox 736 3500 763 3545; x_wconf 89' lang='lat' dir='ltr'><strong>in</strong></span> <span class='ocrx_word' id='word_1_400' title='bbox 775 3502 845 3548; x_wconf 82' lang='lat' dir='ltr'><strong>turm</strong></span> <span class='ocrx_word' id='word_1_401' title='bbox 853 3514 939 3548; x_wconf 82' lang='lat' dir='ltr'><strong>ereum</strong></span> <span class='ocrx_word' id='word_1_402' title='bbox 950 3501 993 3550; x_wconf 84' lang='lat' dir='ltr'><strong>rel</strong></span> <span class='ocrx_word' id='word_1_403' title='bbox 1003 3502 1030 3547; x_wconf 89' lang='lat' dir='ltr'><strong>in</strong></span> <span class='ocrx_word' id='word_1_404' title='bbox 1040 3505 1099 3548; x_wconf 82' lang='lat' dir='ltr'><strong>tuor</strong></span> <span class='ocrx_word' id='word_1_405' title='bbox 1110 3502 1186 3549; x_wconf 86' lang='lat' dir='ltr'><strong>ueder</strong></span> 
     </span>
     <span class='ocr_line' id='line_1_47' title="bbox 346 3565 1187 3631; baseline 0.002 -18"><span class='ocrx_word' id='word_1_406' title='bbox 346 3565 487 3626; x_wconf 87' lang='lat' dir='ltr'><strong>deciderit,</strong></span> <span class='ocrx_word' id='word_1_407' title='bbox 508 3565 639 3612; x_wconf 87' lang='lat' dir='ltr'><strong>teneberir</strong></span> <span class='ocrx_word' id='word_1_408' title='bbox 650 3567 681 3612; x_wconf 86' lang='lat' dir='ltr'><strong>rd</strong></span> <span class='ocrx_word' id='word_1_409' title='bbox 693 3567 876 3631; x_wconf 77' lang='lat' dir='ltr'><strong>exhibendum,</strong></span> <span class='ocrx_word' id='word_1_410' title='bbox 905 3569 967 3616; x_wconf 89' lang='lat' dir='ltr'><strong>licet</strong></span> <span class='ocrx_word' id='word_1_411' title='bbox 983 3583 1035 3616; x_wconf 91' lang='lat' dir='ltr'><strong>non</strong></span> <span class='ocrx_word' id='word_1_412' title='bbox 1047 3569 1187 3628; x_wconf 86' lang='lat' dir='ltr'><strong>porrideor.</strong></span> 
     </span>
     <span class='ocr_line' id='line_1_48' title="bbox 346 3632 1188 3697; baseline 0.002 -15"><span class='ocrx_word' id='word_1_413' title='bbox 346 3637 369 3695; x_wconf 81' lang='grc'><strong>5.</strong></span> <span class='ocrx_word' id='word_1_414' title='bbox 386 3639 409 3682; x_wconf 79' lang='lat' dir='ltr'><strong>o.</strong></span> <span class='ocrx_word' id='word_1_415' title='bbox 433 3635 497 3680; x_wconf 86' lang='lat' dir='ltr'><strong>item</strong></span> <span class='ocrx_word' id='word_1_416' title='bbox 513 3632 536 3678; x_wconf 92' lang='lat' dir='ltr'><strong>ri</strong></span> <span class='ocrx_word' id='word_1_417' title='bbox 548 3633 604 3692; x_wconf 89' lang='lat' dir='ltr'><strong>quir</strong></span> <span class='ocrx_word' id='word_1_418' title='bbox 620 3634 770 3683; x_wconf 83' lang='lat' dir='ltr'><strong>tecultrtem</strong></span> <span class='ocrx_word' id='word_1_419' title='bbox 781 3637 937 3684; x_wconf 74' lang='lat' dir='ltr'><strong>restituendi</strong></span> <span class='ocrx_word' id='word_1_420' title='bbox 950 3651 1004 3685; x_wconf 87' lang='lat' dir='ltr'><strong>nou</strong></span> <span class='ocrx_word' id='word_1_421' title='bbox 1015 3637 1105 3697; x_wconf 78' lang='lat' dir='ltr'><strong>babet,</strong></span> <span class='ocrx_word' id='word_1_422' title='bbox 1125 3637 1188 3685; x_wconf 90' lang='lat' dir='ltr'><strong>licet</strong></span> 
     </span>
     <span class='ocr_line' id='line_1_49' title="bbox 345 3702 1187 3765; baseline 0.005 -17"><span class='ocrx_word' id='word_1_423' title='bbox 345 3702 492 3763; x_wconf 81' lang='lat' dir='ltr'><strong>perridert,</strong></span> <span class='ocrx_word' id='word_1_424' title='bbox 513 3703 599 3748; x_wconf 78' lang='lat' dir='ltr'><strong>tumen</strong></span> <span class='ocrx_word' id='word_1_425' title='bbox 617 3702 649 3747; x_wconf 84' lang='lat' dir='ltr'><strong>od</strong></span> <span class='ocrx_word' id='word_1_426' title='bbox 665 3703 840 3752; x_wconf 73' lang='lat' dir='ltr'><strong>exhibendum</strong></span> <span class='ocrx_word' id='word_1_427' title='bbox 850 3718 904 3751; x_wconf 90' lang='lat' dir='ltr'><strong>non</strong></span> <span class='ocrx_word' id='word_1_428' title='bbox 916 3706 1055 3753; x_wconf 88' lang='lat' dir='ltr'><strong>tenebitur.</strong></span> <span class='ocrx_word' id='word_1_429' title='bbox 1086 3707 1187 3765; x_wconf 80' lang='lat' dir='ltr'><strong>iliputr</strong></span> 
     </span>
     <span class='ocr_line' id='line_1_50' title="bbox 346 3769 1187 3837; baseline 0.007 -22"><span class='ocrx_word' id='word_1_430' title='bbox 346 3770 368 3816; x_wconf 85' lang='lat' dir='ltr'><strong>ri</strong></span> <span class='ocrx_word' id='word_1_431' title='bbox 380 3771 407 3817; x_wconf 92' lang='lat' dir='ltr'><strong>in</strong></span> <span class='ocrx_word' id='word_1_432' title='bbox 421 3771 483 3827; x_wconf 72' lang='lat' dir='ltr'><strong>logo</strong></span> <span class='ocrx_word' id='word_1_433' title='bbox 494 3782 586 3816; x_wconf 88' lang='lat' dir='ltr'><strong>rerrur</strong></span> <span class='ocrx_word' id='word_1_434' title='bbox 597 3769 641 3831; x_wconf 90' lang='lat' dir='ltr'><strong>rit,</strong></span> <span class='ocrx_word' id='word_1_435' title='bbox 663 3770 695 3817; x_wconf 87' lang='lat' dir='ltr'><strong>ud</strong></span> <span class='ocrx_word' id='word_1_436' title='bbox 705 3771 755 3818; x_wconf 92' lang='lat' dir='ltr'><strong>boc</strong></span> <span class='ocrx_word' id='word_1_437' title='bbox 765 3772 841 3832; x_wconf 80' lang='lat' dir='ltr'><strong>piune</strong></span> <span class='ocrx_word' id='word_1_438' title='bbox 852 3773 937 3820; x_wconf 89' lang='lat' dir='ltr'><strong>rolum</strong></span> <span class='ocrx_word' id='word_1_439' title='bbox 947 3774 1093 3837; x_wconf 86' lang='lat' dir='ltr'><strong>tenebitur,</strong></span> <span class='ocrx_word' id='word_1_440' title='bbox 1104 3777 1133 3819; x_wconf 92' lang='lat' dir='ltr'><strong>ut</strong></span> <span class='ocrx_word' id='word_1_441' title='bbox 1145 3787 1187 3821; x_wconf 84' lang='lat' dir='ltr'><strong>cr-</strong></span> 
     </span>
     <span class='ocr_line' id='line_1_51' title="bbox 346 3837 1186 3901; baseline 0.004 -16"><span class='ocrx_word' id='word_1_442' title='bbox 346 3842 422 3900; x_wconf 80' lang='lat' dir='ltr'><strong>rert,</strong></span> <span class='ocrx_word' id='word_1_443' title='bbox 443 3850 471 3884; x_wconf 91' lang='lat' dir='ltr'><strong>re</strong></span> <span class='ocrx_word' id='word_1_444' title='bbox 492 3837 684 3899; x_wconf 70' lang='lat' dir='ltr'><strong>exhibiturum,</strong></span> <span class='ocrx_word' id='word_1_445' title='bbox 706 3839 728 3886; x_wconf 88' lang='lat' dir='ltr'><strong>ri</strong></span> <span class='ocrx_word' id='word_1_446' title='bbox 739 3838 768 3885; x_wconf 91' lang='lat' dir='ltr'><strong>in</strong></span> <span class='ocrx_word' id='word_1_447' title='bbox 778 3844 935 3900; x_wconf 74' lang='lat' dir='ltr'><strong>potestatem</strong></span> <span class='ocrx_word' id='word_1_448' title='bbox 950 3842 1007 3891; x_wconf 87' lang='lat' dir='ltr'><strong>eiur</strong></span> <span class='ocrx_word' id='word_1_449' title='bbox 1018 3842 1186 3901; x_wconf 78' lang='lat' dir='ltr'><strong>pervenerit;</strong></span> 
     </span>
     <span class='ocr_line' id='line_1_52' title="bbox 346 3905 1187 3971; baseline 0.002 -19"><span class='ocrx_word' id='word_1_450' title='bbox 346 3907 391 3953; x_wconf 88' lang='lat' dir='ltr'><strong>red</strong></span> <span class='ocrx_word' id='word_1_451' title='bbox 401 3908 427 3953; x_wconf 91' lang='lat' dir='ltr'><strong>et</strong></span> <span class='ocrx_word' id='word_1_452' title='bbox 437 3905 459 3951; x_wconf 87' lang='lat' dir='ltr'><strong>ri</strong></span> <span class='ocrx_word' id='word_1_453' title='bbox 470 3918 524 3951; x_wconf 89' lang='lat' dir='ltr'><strong>non</strong></span> <span class='ocrx_word' id='word_1_454' title='bbox 545 3905 580 3952; x_wconf 90' lang='lat' dir='ltr'><strong>rit</strong></span> <span class='ocrx_word' id='word_1_455' title='bbox 602 3905 629 3950; x_wconf 89' lang='lat' dir='ltr'><strong>iu</strong></span> <span class='ocrx_word' id='word_1_456' title='bbox 650 3907 724 3971; x_wconf 76' lang='lat' dir='ltr'><strong>tuga,</strong></span> <span class='ocrx_word' id='word_1_457' title='bbox 745 3909 894 3966; x_wconf 86' lang='lat' dir='ltr'><strong>permirerir</strong></span> <span class='ocrx_word' id='word_1_458' title='bbox 915 3913 998 3959; x_wconf 88' lang='lat' dir='ltr'><strong>rotem</strong></span> <span class='ocrx_word' id='word_1_459' title='bbox 1022 3909 1048 3956; x_wconf 91' lang='lat' dir='ltr'><strong>ci</strong></span> <span class='ocrx_word' id='word_1_460' title='bbox 1066 3910 1187 3957; x_wconf 82' lang='lat' dir='ltr'><strong>ubirelit</strong></span> 
     </span>
     <span class='ocr_line' id='line_1_53' title="bbox 345 3972 1187 4037; baseline 0.002 -15"><span class='ocrx_word' id='word_1_461' title='bbox 345 3972 455 4033; x_wconf 87' lang='lat' dir='ltr'><strong>morrrl,</strong></span> <span class='ocrx_word' id='word_1_462' title='bbox 477 3973 545 4020; x_wconf 87' lang='lat' dir='ltr'><strong>idem</strong></span> <span class='ocrx_word' id='word_1_463' title='bbox 566 3973 617 4020; x_wconf 88' lang='lat' dir='ltr'><strong>erit</strong></span> <span class='ocrx_word' id='word_1_464' title='bbox 638 3973 789 4036; x_wconf 64' lang='lat' dir='ltr'><strong>dicendum</strong></span> <span class='ocrx_word' id='word_1_465' title='bbox 810 3982 854 4024; x_wconf 83' lang='lat' dir='ltr'><strong>out</strong></span> <span class='ocrx_word' id='word_1_466' title='bbox 870 3976 893 4023; x_wconf 88' lang='lat' dir='ltr'><strong>ri</strong></span> <span class='ocrx_word' id='word_1_467' title='bbox 913 3977 1187 4037; x_wconf 76' lang='lat' dir='ltr'><strong>peregrerternirrur</strong></span> 
     </span>
     <span class='ocr_line' id='line_1_54' title="bbox 345 4040 1187 4111; baseline 0.005 -23"><span class='ocrx_word' id='word_1_468' title='bbox 345 4042 397 4105; x_wconf 87' lang='lat' dir='ltr'><strong>rit,</strong></span> <span class='ocrx_word' id='word_1_469' title='bbox 419 4041 460 4089; x_wconf 87' lang='lat' dir='ltr'><strong>vei</strong></span> <span class='ocrx_word' id='word_1_470' title='bbox 471 4041 500 4087; x_wconf 87' lang='lat' dir='ltr'><strong>in</strong></span> <span class='ocrx_word' id='word_1_471' title='bbox 510 4040 624 4100; x_wconf 86' lang='lat' dir='ltr'><strong>prrcdiir</strong></span> <span class='ocrx_word' id='word_1_472' title='bbox 635 4043 688 4089; x_wconf 89' lang='lat' dir='ltr'><strong>tuir</strong></span> <span class='ocrx_word' id='word_1_473' title='bbox 698 4047 772 4108; x_wconf 74' lang='lat' dir='ltr'><strong>uprt,</strong></span> <span class='ocrx_word' id='word_1_474' title='bbox 793 4044 825 4091; x_wconf 83' lang='lat' dir='ltr'><strong>ed</strong></span> <span class='ocrx_word' id='word_1_475' title='bbox 835 4045 887 4092; x_wconf 90' lang='lat' dir='ltr'><strong>boc</strong></span> <span class='ocrx_word' id='word_1_476' title='bbox 897 4044 983 4093; x_wconf 89' lang='lat' dir='ltr'><strong>rolum</strong></span> <span class='ocrx_word' id='word_1_477' title='bbox 994 4046 1124 4094; x_wconf 90' lang='lat' dir='ltr'><strong>teneberir</strong></span> <span class='ocrx_word' id='word_1_478' title='bbox 1131 4080 1140 4111; x_wconf 94' lang='lat'><strong>,</strong></span> <span class='ocrx_word' id='word_1_479' title='bbox 1158 4048 1187 4093; x_wconf 88' lang='lat' dir='ltr'><strong>ut</strong></span> 
     </span>
     <span class='ocr_line' id='line_1_55' title="bbox 346 4114 644 4159; baseline -0.007 0"><span class='ocrx_word' id='word_1_480' title='bbox 346 4123 447 4159; x_wconf 84' lang='lat' dir='ltr'><strong>crrerr.</strong></span> <span class='ocrx_word' id='word_1_481' title='bbox 634 4114 644 4157; x_wconf 58' lang='grc' dir='ltr'>Χ</span> 
     </span>
     <span class='ocr_line' id='line_1_56' title="bbox 395 4177 1188 4230; baseline 0.004 -5"><span class='ocrx_word' id='word_1_482' title='bbox 395 4179 439 4226; x_wconf 83' lang='lat' dir='ltr'><strong>Vl.</strong></span> <span class='ocrx_word' id='word_1_483' title='bbox 462 4177 597 4225; x_wconf 83' lang='lat' dir='ltr'><strong>Partrrr</strong></span> <span class='ocrx_word' id='word_1_484' title='bbox 616 4178 684 4225; x_wconf 83' lang='lat' dir='ltr'><strong>libro</strong></span> <span class='ocrx_word' id='word_1_485' title='bbox 699 4177 772 4225; x_wconf 79' lang='lat' dir='ltr'><strong>xn&#39;.</strong></span> <span class='ocrx_word' id='word_1_486' title='bbox 783 4180 821 4227; x_wconf 80' lang='lat' dir='ltr'><strong>ed</strong></span> <span class='ocrx_word' id='word_1_487' title='bbox 829 4180 963 4229; x_wconf 81' lang='lat' dir='ltr'><strong>Sahr&#39;rrrr.</strong></span> <span class='ocrx_word' id='word_1_488' title='bbox 988 4182 1092 4230; x_wconf 73' lang='lat' dir='ltr'><strong>Gemma</strong></span> <span class='ocrx_word' id='word_1_489' title='bbox 1102 4180 1188 4230; x_wconf 89' lang='lat' dir='ltr'><strong>iuclu-</strong></span> 
     </span>
     <span class='ocr_line' id='line_1_57' title="bbox 345 4244 1188 4314; baseline 0.007 -21"><span class='ocrx_word' id='word_1_490' title='bbox 345 4259 449 4294; x_wconf 81' lang='lat' dir='ltr'><strong>erroro</strong></span> <span class='ocrx_word' id='word_1_491' title='bbox 460 4244 564 4310; x_wconf 78' lang='lat' dir='ltr'><strong>alieno,</strong></span> <span class='ocrx_word' id='word_1_492' title='bbox 576 4245 619 4293; x_wconf 85' lang='lat' dir='ltr'><strong>rel</strong></span> <span class='ocrx_word' id='word_1_493' title='bbox 630 4245 746 4306; x_wconf 74' lang='lat' dir='ltr'><strong>rigillum</strong></span> <span class='ocrx_word' id='word_1_494' title='bbox 757 4248 1054 4314; x_wconf 76' lang='lat' dir='ltr'><strong>mndelobro,viudicrri</strong></span> <span class='ocrx_word' id='word_1_495' title='bbox 1064 4263 1118 4299; x_wconf 88' lang='lat' dir='ltr'><strong>uon</strong></span> <span class='ocrx_word' id='word_1_496' title='bbox 1130 4253 1188 4311; x_wconf 88' lang='lat' dir='ltr'><strong>pot-</strong></span> 
     </span>
     <span class='ocr_line' id='line_1_58' title="bbox 346 4313 1188 4378; baseline 0.006 -16"><span class='ocrx_word' id='word_1_497' title='bbox 346 4318 402 4378; x_wconf 78' lang='lat' dir='ltr'><strong>est,</strong></span> <span class='ocrx_word' id='word_1_498' title='bbox 423 4313 469 4362; x_wconf 89' lang='lat' dir='ltr'><strong>red</strong></span> <span class='ocrx_word' id='word_1_499' title='bbox 489 4316 520 4360; x_wconf 89' lang='lat' dir='ltr'><strong>ut</strong></span> <span class='ocrx_word' id='word_1_500' title='bbox 530 4314 687 4364; x_wconf 83' lang='lat' dir='ltr'><strong>excludetur</strong></span> <span class='ocrx_word' id='word_1_501' title='bbox 697 4315 729 4362; x_wconf 84' lang='lat' dir='ltr'><strong>ui</strong></span> <span class='ocrx_word' id='word_1_502' title='bbox 742 4316 915 4364; x_wconf 81' lang='lat' dir='ltr'><strong>exhibendum</strong></span> <span class='ocrx_word' id='word_1_503' title='bbox 925 4317 968 4378; x_wconf 73' lang='lat' dir='ltr'><strong>rgi</strong></span> <span class='ocrx_word' id='word_1_504' title='bbox 978 4321 1074 4378; x_wconf 88' lang='lat' dir='ltr'><strong>potert.</strong></span> <span class='ocrx_word' id='word_1_505' title='bbox 1102 4319 1188 4367; x_wconf 81' lang='lat' dir='ltr'><strong>Aliter</strong></span> 
     </span>
     <span class='ocr_line' id='line_1_59' title="bbox 346 4382 1188 4446; baseline 0.01 -17"><span class='ocrx_word' id='word_1_506' title='bbox 346 4387 423 4444; x_wconf 82' lang='lat' dir='ltr'><strong>rtqoe</strong></span> <span class='ocrx_word' id='word_1_507' title='bbox 433 4382 462 4430; x_wconf 89' lang='lat' dir='ltr'><strong>in</strong></span> <span class='ocrx_word' id='word_1_508' title='bbox 473 4382 548 4443; x_wconf 72' lang='lat' dir='ltr'><strong>tigno</strong></span> <span class='ocrx_word' id='word_1_509' title='bbox 560 4382 650 4430; x_wconf 89' lang='lat' dir='ltr'><strong>iuncto</strong></span> <span class='ocrx_word' id='word_1_510' title='bbox 663 4382 782 4446; x_wconf 88' lang='lat' dir='ltr'><strong>redibur,</strong></span> <span class='ocrx_word' id='word_1_511' title='bbox 806 4385 898 4446; x_wconf 85' lang='lat' dir='ltr'><strong>dequo</strong></span> <span class='ocrx_word' id='word_1_512' title='bbox 909 4399 958 4434; x_wconf 87' lang='lat' dir='ltr'><strong>nec</strong></span> <span class='ocrx_word' id='word_1_513' title='bbox 969 4387 1002 4435; x_wconf 82' lang='lat' dir='ltr'><strong>od</strong></span> <span class='ocrx_word' id='word_1_514' title='bbox 1013 4387 1188 4437; x_wconf 83' lang='lat' dir='ltr'><strong>exhibendum</strong></span> 
     </span>
     <span class='ocr_line' id='line_1_60' title="bbox 347 4449 1187 4514; baseline 0.008 -18"><span class='ocrx_word' id='word_1_515' title='bbox 347 4452 390 4511; x_wconf 76' lang='lat' dir='ltr'><strong>ogi</strong></span> <span class='ocrx_word' id='word_1_516' title='bbox 400 4453 498 4511; x_wconf 87' lang='lat' dir='ltr'><strong>potert,</strong></span> <span class='ocrx_word' id='word_1_517' title='bbox 519 4449 635 4510; x_wconf 79' lang='lat' dir='ltr'><strong>quieter</strong></span> <span class='ocrx_word' id='word_1_518' title='bbox 652 4451 787 4499; x_wconf 84' lang='lat' dir='ltr'><strong>duodecim</strong></span> <span class='ocrx_word' id='word_1_519' title='bbox 799 4452 943 4501; x_wconf 85' lang='lat' dir='ltr'><strong>tobuirrum</strong></span> <span class='ocrx_word' id='word_1_520' title='bbox 955 4453 1023 4501; x_wconf 87' lang='lat' dir='ltr'><strong>rolri</strong></span> <span class='ocrx_word' id='word_1_521' title='bbox 1035 4458 1120 4514; x_wconf 81' lang='lat' dir='ltr'><strong>vetrt3</strong></span> <span class='ocrx_word' id='word_1_522' title='bbox 1142 4456 1187 4503; x_wconf 90' lang='lat' dir='ltr'><strong>red</strong></span> 
     </span>
     <span class='ocr_line' id='line_1_61' title="bbox 347 4519 1158 4582; baseline 0.005 -17"><span class='ocrx_word' id='word_1_523' title='bbox 347 4519 449 4567; x_wconf 85' lang='lat' dir='ltr'><strong>rctione</strong></span> <span class='ocrx_word' id='word_1_524' title='bbox 460 4519 491 4567; x_wconf 89' lang='lat' dir='ltr'><strong>de</strong></span> <span class='ocrx_word' id='word_1_525' title='bbox 502 4519 577 4581; x_wconf 76' lang='lat' dir='ltr'><strong>tigno</strong></span> <span class='ocrx_word' id='word_1_526' title='bbox 588 4519 679 4566; x_wconf 83' lang='lat' dir='ltr'><strong>iuncto</strong></span> <span class='ocrx_word' id='word_1_527' title='bbox 691 4532 725 4565; x_wconf 86' lang='lat' dir='ltr'><strong>ex</strong></span> <span class='ocrx_word' id='word_1_528' title='bbox 736 4520 824 4567; x_wconf 85' lang='lat' dir='ltr'><strong>erdem</strong></span> <span class='ocrx_word' id='word_1_529' title='bbox 835 4519 893 4580; x_wconf 72' lang='lat' dir='ltr'><strong>lege</strong></span> <span class='ocrx_word' id='word_1_530' title='bbox 904 4521 932 4567; x_wconf 91' lang='lat' dir='ltr'><strong>in</strong></span> <span class='ocrx_word' id='word_1_531' title='bbox 945 4521 1049 4582; x_wconf 90' lang='lat' dir='ltr'><strong>duplum</strong></span> <span class='ocrx_word' id='word_1_532' title='bbox 1061 4523 1158 4582; x_wconf 73' lang='lat' dir='ltr'><strong>egitur.</strong></span> 
     </span>
     <span class='ocr_line' id='line_1_62' title="bbox 398 4585 1186 4650; baseline 0.005 -18"><span class='ocrx_word' id='word_1_533' title='bbox 398 4589 454 4635; x_wconf 78' lang='lat' dir='ltr'><strong>vlt.</strong></span> <span class='ocrx_word' id='word_1_534' title='bbox 478 4588 649 4648; x_wconf 71' lang='lat' dir='ltr'><strong>Ulpianus</strong></span> <span class='ocrx_word' id='word_1_535' title='bbox 669 4588 737 4634; x_wconf 83' lang='lat' dir='ltr'><strong>libro</strong></span> <span class='ocrx_word' id='word_1_536' title='bbox 761 4585 866 4635; x_wconf 76' lang='lat' dir='ltr'><strong>xxn&#39;.</strong></span> <span class='ocrx_word' id='word_1_537' title='bbox 888 4589 926 4636; x_wconf 79' lang='lat' dir='ltr'><strong>ari</strong></span> <span class='ocrx_word' id='word_1_538' title='bbox 944 4588 1071 4638; x_wconf 72' lang='lat' dir='ltr'><strong>Edictum.</strong></span> <span class='ocrx_word' id='word_1_539' title='bbox 1108 4589 1186 4650; x_wconf 78' lang='lat' dir='ltr'><strong>Tigui</strong></span> 
     </span>
     <span class='ocr_line' id='line_1_63' title="bbox 348 4655 1187 4715; baseline 0.005 -14"><span class='ocrx_word' id='word_1_540' title='bbox 348 4655 523 4714; x_wconf 85' lang='lat' dir='ltr'><strong>rppellrtioue</strong></span> <span class='ocrx_word' id='word_1_541' title='bbox 533 4669 635 4703; x_wconf 89' lang='lat' dir='ltr'><strong>omnem</strong></span> <span class='ocrx_word' id='word_1_542' title='bbox 646 4655 777 4702; x_wconf 69' lang='lat' dir='ltr'><strong>materiem</strong></span> <span class='ocrx_word' id='word_1_543' title='bbox 790 4655 818 4702; x_wconf 89' lang='lat' dir='ltr'><strong>in</strong></span> <span class='ocrx_word' id='word_1_544' title='bbox 828 4655 887 4715; x_wconf 76' lang='lat' dir='ltr'><strong>lege</strong></span> <span class='ocrx_word' id='word_1_545' title='bbox 899 4657 1034 4705; x_wconf 88' lang='lat' dir='ltr'><strong>duodecim</strong></span> <span class='ocrx_word' id='word_1_546' title='bbox 1041 4657 1187 4705; x_wconf 84' lang='lat' dir='ltr'><strong>trbulrrum</strong></span> 
     </span>
     <span class='ocr_line' id='line_1_64' title="bbox 347 4722 1187 4788; baseline 0.006 -20"><span class='ocrx_word' id='word_1_547' title='bbox 347 4722 496 4788; x_wconf 83' lang='lat' dir='ltr'><strong>recipimur,</strong></span> <span class='ocrx_word' id='word_1_548' title='bbox 507 4728 536 4770; x_wconf 91' lang='lat' dir='ltr'><strong>ut</strong></span> <span class='ocrx_word' id='word_1_549' title='bbox 546 4724 696 4782; x_wconf 86' lang='lat' dir='ltr'><strong>quiburdrm</strong></span> <span class='ocrx_word' id='word_1_550' title='bbox 707 4726 777 4772; x_wconf 89' lang='lat' dir='ltr'><strong>recte</strong></span> <span class='ocrx_word' id='word_1_551' title='bbox 787 4724 900 4771; x_wconf 81' lang='lat' dir='ltr'><strong>videtur.</strong></span> <span class='ocrx_word' id='word_1_552' title='bbox 937 4726 960 4785; x_wconf 82' lang='grc'><strong>5.</strong></span> <span class='ocrx_word' id='word_1_553' title='bbox 974 4727 996 4772; x_wconf 93' lang='lat' dir='ltr'><strong>l.</strong></span> <span class='ocrx_word' id='word_1_554' title='bbox 1009 4726 1060 4774; x_wconf 86' lang='lat' dir='ltr'><strong>Sed</strong></span> <span class='ocrx_word' id='word_1_555' title='bbox 1070 4725 1092 4771; x_wconf 92' lang='lat' dir='ltr'><strong>ri</strong></span> <span class='ocrx_word' id='word_1_556' title='bbox 1104 4730 1187 4773; x_wconf 75' lang='lat' dir='ltr'><strong>rotem</strong></span> 
     </span>
     <span class='ocr_line' id='line_1_65' title="bbox 346 4791 1186 4856; baseline 0.006 -20"><span class='ocrx_word' id='word_1_557' title='bbox 346 4803 429 4836; x_wconf 79' lang='lat' dir='ltr'><strong>urcem</strong></span> <span class='ocrx_word' id='word_1_558' title='bbox 449 4794 494 4839; x_wconf 91' lang='lat' dir='ltr'><strong>tuo</strong></span> <span class='ocrx_word' id='word_1_559' title='bbox 514 4791 635 4840; x_wconf 82' lang='lat' dir='ltr'><strong>vehiculo</strong></span> <span class='ocrx_word' id='word_1_560' title='bbox 655 4792 801 4855; x_wconf 83' lang='lat' dir='ltr'><strong>rpturerir,</strong></span> <span class='ocrx_word' id='word_1_561' title='bbox 821 4792 1186 4856; x_wconf 83' lang='lat' dir='ltr'><strong>teneberiredexhibeudum,</strong></span> 
     </span>
     <span class='ocr_line' id='line_1_66' title="bbox 347 4857 1186 4922; baseline 0.005 -18"><span class='ocrx_word' id='word_1_562' title='bbox 347 4859 386 4917; x_wconf 85' lang='lat' dir='ltr'><strong>(et</strong></span> <span class='ocrx_word' id='word_1_563' title='bbox 398 4857 434 4905; x_wconf 83' lang='lat' dir='ltr'><strong>itu</strong></span> <span class='ocrx_word' id='word_1_564' title='bbox 443 4859 602 4919; x_wconf 84' lang='lat' dir='ltr'><strong>Pomponiur</strong></span> <span class='ocrx_word' id='word_1_565' title='bbox 614 4858 715 4918; x_wconf 90' lang='lat' dir='ltr'><strong>rcribit)</strong></span> <span class='ocrx_word' id='word_1_566' title='bbox 726 4859 844 4921; x_wconf 81' lang='lat' dir='ltr'><strong>quumrir</strong></span> <span class='ocrx_word' id='word_1_567' title='bbox 855 4862 920 4907; x_wconf 90' lang='lat' dir='ltr'><strong>tuuc</strong></span> <span class='ocrx_word' id='word_1_568' title='bbox 929 4860 1045 4909; x_wconf 81' lang='lat' dir='ltr'><strong>civiliter</strong></span> <span class='ocrx_word' id='word_1_569' title='bbox 1061 4874 1115 4908; x_wconf 89' lang='lat' dir='ltr'><strong>uon</strong></span> <span class='ocrx_word' id='word_1_570' title='bbox 1126 4875 1186 4922; x_wconf 90' lang='lat' dir='ltr'><strong>por-</strong></span> 
     </span>
     <span class='ocr_line' id='line_1_67' title="bbox 347 4922 1186 4995; baseline 0.008 -24"><span class='ocrx_word' id='word_1_571' title='bbox 347 4925 440 4973; x_wconf 80' lang='lat' dir='ltr'><strong>riderr.</strong></span> <span class='ocrx_word' id='word_1_572' title='bbox 470 4929 494 4988; x_wconf 90' lang='grc'><strong>5.</strong></span> <span class='ocrx_word' id='word_1_573' title='bbox 505 4922 629 4990; x_wconf 55' lang='lat' dir='ltr'><strong>isidem,</strong></span> <span class='ocrx_word' id='word_1_574' title='bbox 646 4932 673 4976; x_wconf 90' lang='lat' dir='ltr'><strong>et</strong></span> <span class='ocrx_word' id='word_1_575' title='bbox 683 4927 705 4974; x_wconf 89' lang='lat' dir='ltr'><strong>ri</strong></span> <span class='ocrx_word' id='word_1_576' title='bbox 717 4928 831 4977; x_wconf 71' lang='lat' dir='ltr'><strong>armario</strong></span> <span class='ocrx_word' id='word_1_577' title='bbox 842 4929 884 4976; x_wconf 85' lang='lat' dir='ltr'><strong>vet</strong></span> <span class='ocrx_word' id='word_1_578' title='bbox 896 4927 958 4975; x_wconf 80' lang='lat' dir='ltr'><strong>neri</strong></span> <span class='ocrx_word' id='word_1_579' title='bbox 972 4929 1086 4977; x_wconf 81' lang='lat' dir='ltr'><strong>tutulum</strong></span> <span class='ocrx_word' id='word_1_580' title='bbox 1095 4943 1186 4995; x_wconf 76' lang='lat' dir='ltr'><strong>murm,</strong></span> 
     </span>
     <span class='ocr_line' id='line_1_68' title="bbox 347 4992 1187 5063; baseline 0.001 -22"><span class='ocrx_word' id='word_1_581' title='bbox 347 4992 390 5041; x_wconf 80' lang='lat' dir='ltr'><strong>rel</strong></span> <span class='ocrx_word' id='word_1_582' title='bbox 398 5005 485 5041; x_wconf 87' lang='lat' dir='ltr'><strong>rurrm</strong></span> <span class='ocrx_word' id='word_1_583' title='bbox 494 4995 726 5060; x_wconf 81' lang='lat' dir='ltr'><strong>rcyphoiunrerir,</strong></span> <span class='ocrx_word' id='word_1_584' title='bbox 738 4996 779 5044; x_wconf 83' lang='lat' dir='ltr'><strong>rel</strong></span> <span class='ocrx_word' id='word_1_585' title='bbox 790 4998 943 5045; x_wconf 84' lang='lat' dir='ltr'><strong>emblemrtr</strong></span> <span class='ocrx_word' id='word_1_586' title='bbox 952 4996 1063 5063; x_wconf 84' lang='lat' dir='ltr'><strong>phiulre,</strong></span> <span class='ocrx_word' id='word_1_587' title='bbox 1074 4998 1117 5046; x_wconf 89' lang='lat' dir='ltr'><strong>vel</strong></span> <span class='ocrx_word' id='word_1_588' title='bbox 1127 5012 1187 5059; x_wconf 92' lang='lat' dir='ltr'><strong>pur.</strong></span> 
     </span>
     <span class='ocr_line' id='line_1_69' title="bbox 347 5061 1186 5129; baseline 0.008 -21"><span class='ocrx_word' id='word_1_589' title='bbox 347 5074 437 5122; x_wconf 75' lang='lat' dir='ltr'><strong>porum</strong></span> <span class='ocrx_word' id='word_1_590' title='bbox 446 5061 600 5112; x_wconf 81' lang='lat' dir='ltr'><strong>rertlmento</strong></span> <span class='ocrx_word' id='word_1_591' title='bbox 610 5064 766 5129; x_wconf 81' lang='lat' dir='ltr'><strong>intexuerir,</strong></span> <span class='ocrx_word' id='word_1_592' title='bbox 783 5070 828 5114; x_wconf 83' lang='lat' dir='ltr'><strong>rut</strong></span> <span class='ocrx_word' id='word_1_593' title='bbox 838 5067 970 5115; x_wconf 76' lang='lat' dir='ltr'><strong>bruchium</strong></span> <span class='ocrx_word' id='word_1_594' title='bbox 980 5069 1080 5115; x_wconf 83' lang='lat' dir='ltr'><strong>rtrture</strong></span> <span class='ocrx_word' id='word_1_595' title='bbox 1090 5068 1186 5115; x_wconf 85' lang='lat' dir='ltr'><strong>cordu-</strong></span> 
     </span>
     <span class='ocr_line' id='line_1_70' title="bbox 347 5130 1186 5195; baseline 0.008 -18"><span class='ocrx_word' id='word_1_596' title='bbox 347 5130 461 5178; x_wconf 83' lang='lat' dir='ltr'><strong>nererir.</strong></span> <span class='ocrx_word' id='word_1_597' title='bbox 509 5132 532 5191; x_wconf 89' lang='grc'><strong>5.</strong></span> <span class='ocrx_word' id='word_1_598' title='bbox 545 5133 570 5181; x_wconf 77' lang='lat' dir='ltr'><strong>t.</strong></span> <span class='ocrx_word' id='word_1_599' title='bbox 592 5134 656 5181; x_wconf 85' lang='lat' dir='ltr'><strong>item</strong></span> <span class='ocrx_word' id='word_1_600' title='bbox 668 5134 812 5195; x_wconf 89' lang='lat' dir='ltr'><strong>municiper</strong></span> <span class='ocrx_word' id='word_1_601' title='bbox 823 5135 855 5183; x_wconf 89' lang='lat' dir='ltr'><strong>rd</strong></span> <span class='ocrx_word' id='word_1_602' title='bbox 866 5135 1038 5184; x_wconf 83' lang='lat' dir='ltr'><strong>exhibendum</strong></span> <span class='ocrx_word' id='word_1_603' title='bbox 1048 5136 1186 5186; x_wconf 80' lang='lat' dir='ltr'><strong>conveniri</strong></span> 
     </span>
     <span class='ocr_line' id='line_1_71' title="bbox 345 5198 1185 5268; baseline 0.01 -22"><span class='ocrx_word' id='word_1_604' title='bbox 345 5201 472 5263; x_wconf 89' lang='lat' dir='ltr'><strong>porrunt,</strong></span> <span class='ocrx_word' id='word_1_605' title='bbox 494 5198 555 5260; x_wconf 84' lang='lat' dir='ltr'><strong>quir</strong></span> <span class='ocrx_word' id='word_1_606' title='bbox 564 5199 675 5248; x_wconf 84' lang='lat' dir='ltr'><strong>ircultrr</strong></span> <span class='ocrx_word' id='word_1_607' title='bbox 686 5205 726 5249; x_wconf 90' lang='lat' dir='ltr'><strong>ert</strong></span> <span class='ocrx_word' id='word_1_608' title='bbox 740 5203 918 5265; x_wconf 61' lang='lat' dir='ltr'><strong>rertitueudip</strong></span> <span class='ocrx_word' id='word_1_609' title='bbox 935 5217 994 5252; x_wconf 84' lang='lat' dir='ltr'><strong>nrm</strong></span> <span class='ocrx_word' id='word_1_610' title='bbox 1005 5208 1032 5253; x_wconf 90' lang='lat' dir='ltr'><strong>et</strong></span> <span class='ocrx_word' id='word_1_611' title='bbox 1041 5206 1185 5268; x_wconf 83' lang='lat' dir='ltr'><strong>perridere,</strong></span> 
     </span>
     <span class='ocr_line' id='line_1_72' title="bbox 346 5271 1186 5335; baseline 0.008 -20"><span class='ocrx_word' id='word_1_612' title='bbox 346 5271 372 5315; x_wconf 86' lang='lat' dir='ltr'><strong>et</strong></span> <span class='ocrx_word' id='word_1_613' title='bbox 384 5279 524 5329; x_wconf 89' lang='lat' dir='ltr'><strong>urucrpere</strong></span> <span class='ocrx_word' id='word_1_614' title='bbox 535 5280 581 5315; x_wconf 86' lang='lat' dir='ltr'><strong>cor</strong></span> <span class='ocrx_word' id='word_1_615' title='bbox 591 5282 668 5329; x_wconf 75' lang='lat' dir='ltr'><strong>poure</strong></span> <span class='ocrx_word' id='word_1_616' title='bbox 678 5274 787 5320; x_wconf 82' lang='lat' dir='ltr'><strong>conrtrt.</strong></span> <span class='ocrx_word' id='word_1_617' title='bbox 822 5274 891 5322; x_wconf 87' lang='lat' dir='ltr'><strong>idem</strong></span> <span class='ocrx_word' id='word_1_618' title='bbox 908 5274 974 5321; x_wconf 89' lang='lat' dir='ltr'><strong>etin</strong></span> <span class='ocrx_word' id='word_1_619' title='bbox 986 5273 1106 5335; x_wconf 74' lang='lat' dir='ltr'><strong>collegiir</strong></span> <span class='ocrx_word' id='word_1_620' title='bbox 1116 5278 1186 5323; x_wconf 87' lang='lat' dir='ltr'><strong>cete·</strong></span> 
     </span>
     <span class='ocr_line' id='line_1_73' title="bbox 346 5334 1186 5403; baseline 0.007 -21"><span class='ocrx_word' id='word_1_621' title='bbox 346 5334 435 5393; x_wconf 84' lang='lat' dir='ltr'><strong>rirque</strong></span> <span class='ocrx_word' id='word_1_622' title='bbox 444 5335 598 5396; x_wconf 86' lang='lat' dir='ltr'><strong>corporibur</strong></span> <span class='ocrx_word' id='word_1_623' title='bbox 610 5339 745 5387; x_wconf 88' lang='lat' dir='ltr'><strong>dicendum</strong></span> <span class='ocrx_word' id='word_1_624' title='bbox 755 5339 814 5388; x_wconf 85' lang='lat' dir='ltr'><strong>erit.</strong></span> <span class='ocrx_word' id='word_1_625' title='bbox 849 5343 874 5402; x_wconf 88' lang='grc'><strong>5.</strong></span> <span class='ocrx_word' id='word_1_626' title='bbox 885 5343 911 5387; x_wconf 88' lang='grc'><strong>4.</strong></span> <span class='ocrx_word' id='word_1_627' title='bbox 926 5341 955 5389; x_wconf 86' lang='lat' dir='ltr'><strong>Si</strong></span> <span class='ocrx_word' id='word_1_628' title='bbox 965 5342 1024 5403; x_wconf 85' lang='lat' dir='ltr'><strong>quir</strong></span> <span class='ocrx_word' id='word_1_629' title='bbox 1035 5356 1090 5390; x_wconf 87' lang='lat' dir='ltr'><strong>uon</strong></span> <span class='ocrx_word' id='word_1_630' title='bbox 1101 5341 1186 5402; x_wconf 89' lang='lat' dir='ltr'><strong>porri-</strong></span> 
     </span>
     <span class='ocr_line' id='line_1_74' title="bbox 345 5403 1186 5471; baseline 0.008 -21"><span class='ocrx_word' id='word_1_631' title='bbox 345 5403 404 5451; x_wconf 86' lang='lat' dir='ltr'><strong>rtert</strong></span> <span class='ocrx_word' id='word_1_632' title='bbox 414 5405 471 5453; x_wconf 85' lang='lat' dir='ltr'><strong>litir</strong></span> <span class='ocrx_word' id='word_1_633' title='bbox 481 5406 642 5456; x_wconf 84' lang='lat' dir='ltr'><strong>contertrtre</strong></span> <span class='ocrx_word' id='word_1_634' title='bbox 654 5408 783 5471; x_wconf 88' lang='lat' dir='ltr'><strong>tempore,</strong></span> <span class='ocrx_word' id='word_1_635' title='bbox 794 5410 840 5456; x_wconf 89' lang='lat' dir='ltr'><strong>red</strong></span> <span class='ocrx_word' id='word_1_636' title='bbox 850 5411 941 5469; x_wconf 86' lang='lat' dir='ltr'><strong>porter</strong></span> <span class='ocrx_word' id='word_1_637' title='bbox 956 5413 1018 5459; x_wconf 87' lang='lat' dir='ltr'><strong>rute</strong></span> <span class='ocrx_word' id='word_1_638' title='bbox 1028 5410 1186 5459; x_wconf 77' lang='lat' dir='ltr'><strong>replentium</strong></span> 
     </span>
     <span class='ocr_line' id='line_1_75' title="bbox 343 5472 1186 5537; baseline 0.008 -20"><span class='ocrx_word' id='word_1_639' title='bbox 343 5472 479 5531; x_wconf 88' lang='lat' dir='ltr'><strong>porridere</strong></span> <span class='ocrx_word' id='word_1_640' title='bbox 501 5475 629 5536; x_wconf 89' lang='lat' dir='ltr'><strong>coeperit,</strong></span> <span class='ocrx_word' id='word_1_641' title='bbox 654 5479 774 5535; x_wconf 84' lang='lat' dir='ltr'><strong>oportere</strong></span> <span class='ocrx_word' id='word_1_642' title='bbox 790 5474 843 5525; x_wconf 86' lang='lat' dir='ltr'><strong>diei</strong></span> <span class='ocrx_word' id='word_1_643' title='bbox 860 5479 996 5537; x_wconf 75' lang='lat' dir='ltr'><strong>putemur,</strong></span> <span class='ocrx_word' id='word_1_644' title='bbox 1018 5477 1112 5526; x_wconf 88' lang='lat' dir='ltr'><strong>debere</strong></span> <span class='ocrx_word' id='word_1_645' title='bbox 1122 5490 1186 5525; x_wconf 92' lang='lat' dir='ltr'><strong>cou-</strong></span> 
     </span>
     <span class='ocr_line' id='line_1_76' title="bbox 344 5539 1185 5609; baseline 0.01 -23"><span class='ocrx_word' id='word_1_646' title='bbox 344 5539 477 5606; x_wconf 87' lang='lat' dir='ltr'><strong>demnrri,</strong></span> <span class='ocrx_word' id='word_1_647' title='bbox 499 5541 551 5590; x_wconf 89' lang='lat' dir='ltr'><strong>uiri</strong></span> <span class='ocrx_word' id='word_1_648' title='bbox 563 5544 694 5592; x_wconf 81' lang='lat' dir='ltr'><strong>rertituct.</strong></span> <span class='ocrx_word' id='word_1_649' title='bbox 730 5545 754 5605; x_wconf 87' lang='grc'><strong>5.</strong></span> <span class='ocrx_word' id='word_1_650' title='bbox 767 5547 789 5592; x_wconf 80' lang='lat' dir='ltr'><strong>h.</strong></span> <span class='ocrx_word' id='word_1_651' title='bbox 801 5544 830 5593; x_wconf 77' lang='lat' dir='ltr'><strong>Si</strong></span> <span class='ocrx_word' id='word_1_652' title='bbox 840 5545 909 5609; x_wconf 85' lang='lat' dir='ltr'><strong>quir,</strong></span> <span class='ocrx_word' id='word_1_653' title='bbox 917 5558 996 5602; x_wconf 71' lang='lat' dir='ltr'><strong>nuum</strong></span> <span class='ocrx_word' id='word_1_654' title='bbox 1009 5544 1099 5593; x_wconf 88' lang='lat' dir='ltr'><strong>iudicii</strong></span> <span class='ocrx_word' id='word_1_655' title='bbox 1110 5559 1185 5594; x_wconf 87' lang='lat' dir='ltr'><strong>recc-</strong></span> 
     </span>
     <span class='ocr_line' id='line_1_77' title="bbox 344 5608 1185 5676; baseline 0.008 -21"><span class='ocrx_word' id='word_1_656' title='bbox 344 5608 382 5670; x_wconf 89' lang='lat' dir='ltr'><strong>pti</strong></span> <span class='ocrx_word' id='word_1_657' title='bbox 405 5614 521 5672; x_wconf 90' lang='lat' dir='ltr'><strong>tempore</strong></span> <span class='ocrx_word' id='word_1_658' title='bbox 541 5614 701 5676; x_wconf 88' lang='lat' dir='ltr'><strong>porrideret,</strong></span> <span class='ocrx_word' id='word_1_659' title='bbox 724 5616 816 5673; x_wconf 86' lang='lat' dir='ltr'><strong>porter</strong></span> <span class='ocrx_word' id='word_1_660' title='bbox 831 5613 889 5661; x_wconf 90' lang='lat' dir='ltr'><strong>rine</strong></span> <span class='ocrx_word' id='word_1_661' title='bbox 900 5612 1041 5661; x_wconf 83' lang='lat' dir='ltr'><strong>dolorurlo</strong></span> <span class='ocrx_word' id='word_1_662' title='bbox 1051 5615 1185 5673; x_wconf 83' lang='lat' dir='ltr'><strong>perridere</strong></span> 
     </span>
     <span class='ocr_line' id='line_1_78' title="bbox 344 5677 1183 5744; baseline 0.005 -19"><span class='ocrx_word' id='word_1_663' title='bbox 344 5677 468 5744; x_wconf 73' lang='lat' dir='ltr'><strong>uerterit,</strong></span> <span class='ocrx_word' id='word_1_664' title='bbox 488 5680 589 5730; x_wconf 86' lang='lat' dir='ltr'><strong>rbrolri</strong></span> <span class='ocrx_word' id='word_1_665' title='bbox 600 5697 657 5730; x_wconf 91' lang='lat' dir='ltr'><strong>eum</strong></span> <span class='ocrx_word' id='word_1_666' title='bbox 667 5683 785 5743; x_wconf 84' lang='lat' dir='ltr'><strong>oportet,</strong></span> <span class='ocrx_word' id='word_1_667' title='bbox 804 5683 921 5744; x_wconf 79' lang='lat' dir='ltr'><strong>quarrer&#39;r</strong></span> <span class='ocrx_word' id='word_1_668' title='bbox 931 5681 982 5743; x_wconf 84' lang='lat' dir='ltr'><strong>rit,</strong></span> <span class='ocrx_word' id='word_1_669' title='bbox 1006 5680 1092 5741; x_wconf 85' lang='lat' dir='ltr'><strong>iuquit</strong></span> <span class='ocrx_word' id='word_1_670' title='bbox 1107 5684 1183 5730; x_wconf 81' lang='lat' dir='ltr'><strong>Pom.</strong></span> 
     </span>
    </p>
   </div>
   <div class='ocr_carea' id='block_1_3' title="bbox 864 354 1567 420">
    <p class='ocr_par' dir='ltr' id='par_1_3' title="bbox 864 354 1567 420">
     <span class='ocr_line' id='line_1_79' title="bbox 864 354 1567 420; baseline -0.01 -3"><span class='ocrx_word' id='word_1_671' title='bbox 864 365 958 420; x_wconf 80' lang='lat' dir='ltr'><strong>ulo.</strong></span> <span class='ocrx_word' id='word_1_672' title='bbox 994 363 1029 417; x_wconf 86' lang='lat' dir='ltr'><strong>X.</strong></span> <span class='ocrx_word' id='word_1_673' title='bbox 1064 362 1091 415; x_wconf 83' lang='grc'><strong>4.</strong></span> <span class='ocrx_word' id='word_1_674' title='bbox 1126 361 1184 413; x_wconf 78' lang='grc' dir='ltr'><strong>ΑΙ)</strong></span> <span class='ocrx_word' id='word_1_675' title='bbox 1222 354 1567 411; x_wconf 77' lang='lat' dir='ltr'><strong>EXHlBENDUM.</strong></span> 
     </span>
    </p>
   </div>
   <div class='ocr_carea' id='block_1_4' title="bbox 1236 498 2117 5743">
    <p class='ocr_par' dir='ltr' id='par_1_4' title="bbox 1240 498 2048 966">
     <span class='ocr_line' id='line_1_80' title="bbox 1242 498 2045 572; baseline 0.019 -25"><span class='ocrx_word' id='word_1_676' title='bbox 1242 500 1298 559; x_wconf 87' lang='lat' dir='ltr'><strong>quir</strong></span> <span class='ocrx_word' id='word_1_677' title='bbox 1308 499 1365 546; x_wconf 80' lang='lat' dir='ltr'><strong>iitir</strong></span> <span class='ocrx_word' id='word_1_678' title='bbox 1376 502 1539 547; x_wconf 86' lang='lat' dir='ltr'><strong>contertrtre</strong></span> <span class='ocrx_word' id='word_1_679' title='bbox 1555 500 1670 558; x_wconf 83' lang='lat' dir='ltr'><strong>tempore</strong></span> <span class='ocrx_word' id='word_1_680' title='bbox 1679 498 1836 565; x_wconf 87' lang='lat' dir='ltr'><strong>porrederit,</strong></span> <span class='ocrx_word' id='word_1_681' title='bbox 1855 503 1941 555; x_wconf 84' lang='lat' dir='ltr'><strong>deinde</strong></span> <span class='ocrx_word' id='word_1_682' title='bbox 1949 507 2045 572; x_wconf 86' lang='lat' dir='ltr'><strong>derierli,</strong></span> 
     </span>
     <span class='ocr_line' id='line_1_81' title="bbox 1241 567 2046 631; baseline 0.014 -17"><span class='ocrx_word' id='word_1_683' title='bbox 1241 569 1389 628; x_wconf 85' lang='lat' dir='ltr'><strong>porridere‚</strong></span> <span class='ocrx_word' id='word_1_684' title='bbox 1412 581 1472 614; x_wconf 84' lang='lat' dir='ltr'><strong>mox</strong></span> <span class='ocrx_word' id='word_1_685' title='bbox 1494 568 1610 627; x_wconf 90' lang='lat' dir='ltr'><strong>coeperit</strong></span> <span class='ocrx_word' id='word_1_686' title='bbox 1630 567 1686 615; x_wconf 81' lang='lat' dir='ltr'><strong>rire</strong></span> <span class='ocrx_word' id='word_1_687' title='bbox 1705 581 1738 615; x_wconf 81' lang='lat' dir='ltr'><strong>ex</strong></span> <span class='ocrx_word' id='word_1_688' title='bbox 1755 569 1842 617; x_wconf 86' lang='lat' dir='ltr'><strong>erdem</strong></span> <span class='ocrx_word' id='word_1_689' title='bbox 1860 585 1941 631; x_wconf 73' lang='lat' dir='ltr'><strong>erun,</strong></span> <span class='ocrx_word' id='word_1_690' title='bbox 1959 578 2007 626; x_wconf 87' lang='lat' dir='ltr'><strong>rire</strong></span> <span class='ocrx_word' id='word_1_691' title='bbox 2018 594 2046 630; x_wconf 74' lang='lat' dir='ltr'><strong>ex</strong></span> 
     </span>
     <span class='ocr_line' id='line_1_82' title="bbox 1240 630 2047 703; baseline 0.007 -20"><span class='ocrx_word' id='word_1_692' title='bbox 1240 636 1308 698; x_wconf 80' lang='lat' dir='ltr'><strong>eliu,</strong></span> <span class='ocrx_word' id='word_1_693' title='bbox 1320 634 1488 682; x_wconf 72' lang='lat' dir='ltr'><strong>condemnari</strong></span> <span class='ocrx_word' id='word_1_694' title='bbox 1499 648 1558 682; x_wconf 88' lang='lat' dir='ltr'><strong>eum</strong></span> <span class='ocrx_word' id='word_1_695' title='bbox 1569 640 1708 694; x_wconf 89' lang='lat' dir='ltr'><strong>oportere,</strong></span> <span class='ocrx_word' id='word_1_696' title='bbox 1729 630 1780 682; x_wconf 81' lang='lat' dir='ltr'><strong>uiri</strong></span> <span class='ocrx_word' id='word_1_697' title='bbox 1788 637 1911 687; x_wconf 84' lang='lat' dir='ltr'><strong>rertitort.</strong></span> <span class='ocrx_word' id='word_1_698' title='bbox 1943 644 1964 703; x_wconf 86' lang='grc'><strong>5.</strong></span> <span class='ocrx_word' id='word_1_699' title='bbox 1974 648 1996 691; x_wconf 82' lang='lat' dir='ltr'><strong>t.</strong></span> <span class='ocrx_word' id='word_1_700' title='bbox 2005 648 2047 695; x_wconf 75' lang='lat' dir='ltr'><strong>tbi.</strong></span> 
     </span>
     <span class='ocr_line' id='line_1_83' title="bbox 1241 703 2046 767; baseline 0.009 -18"><span class='ocrx_word' id='word_1_701' title='bbox 1241 704 1298 751; x_wconf 90' lang='lat' dir='ltr'><strong>dem</strong></span> <span class='ocrx_word' id='word_1_702' title='bbox 1312 716 1366 748; x_wconf 86' lang='lat' dir='ltr'><strong>non</strong></span> <span class='ocrx_word' id='word_1_703' title='bbox 1384 703 1450 751; x_wconf 84' lang='lat' dir='ltr'><strong>mrle</strong></span> <span class='ocrx_word' id='word_1_704' title='bbox 1460 703 1619 762; x_wconf 87' lang='lat' dir='ltr'><strong>Pomponiur</strong></span> <span class='ocrx_word' id='word_1_705' title='bbox 1631 703 1731 763; x_wconf 76' lang='lat' dir='ltr'><strong>iungit:</strong></span> <span class='ocrx_word' id='word_1_706' title='bbox 1752 704 1823 767; x_wconf 91' lang='lat' dir='ltr'><strong>eiur,</strong></span> <span class='ocrx_word' id='word_1_707' title='bbox 1852 706 2046 766; x_wconf 80' lang='lat' dir='ltr'><strong>quirderhibeo.</strong></span> 
     </span>
     <span class='ocr_line' id='line_1_84' title="bbox 1241 771 2048 833; baseline 0.005 -15"><span class='ocrx_word' id='word_1_708' title='bbox 1241 772 1301 818; x_wconf 90' lang='lat' dir='ltr'><strong>dum</strong></span> <span class='ocrx_word' id='word_1_709' title='bbox 1312 771 1375 831; x_wconf 76' lang='lat' dir='ltr'><strong>egit,</strong></span> <span class='ocrx_word' id='word_1_710' title='bbox 1397 775 1506 829; x_wconf 85' lang='lat' dir='ltr'><strong>utroque</strong></span> <span class='ocrx_word' id='word_1_711' title='bbox 1517 776 1633 828; x_wconf 76' lang='lat' dir='ltr'><strong>&#39;empore</strong></span> <span class='ocrx_word' id='word_1_712' title='bbox 1644 771 1792 827; x_wconf 80' lang='lat' dir='ltr'><strong>intertuirre</strong></span> <span class='ocrx_word' id='word_1_713' title='bbox 1802 776 1918 833; x_wconf 87' lang='lat' dir='ltr'><strong>oportere</strong></span> <span class='ocrx_word' id='word_1_714' title='bbox 1928 788 1976 826; x_wconf 87' lang='lat' dir='ltr'><strong>rem</strong></span> <span class='ocrx_word' id='word_1_715' title='bbox 1984 780 2004 827; x_wconf 88' lang='lat' dir='ltr'><strong>ei</strong></span> <span class='ocrx_word' id='word_1_716' title='bbox 2012 794 2048 830; x_wconf 77' lang='lat' dir='ltr'><strong>re.</strong></span> 
     </span>
     <span class='ocr_line' id='line_1_85' title="bbox 1241 838 2048 905; baseline 0.005 -19"><span class='ocrx_word' id='word_1_717' title='bbox 1241 839 1330 900; x_wconf 91' lang='lat' dir='ltr'><strong>rtitui,</strong></span> <span class='ocrx_word' id='word_1_718' title='bbox 1354 839 1403 885; x_wconf 83' lang='lat' dir='ltr'><strong>hoc</strong></span> <span class='ocrx_word' id='word_1_719' title='bbox 1416 844 1455 886; x_wconf 87' lang='lat' dir='ltr'><strong>ert</strong></span> <span class='ocrx_word' id='word_1_720' title='bbox 1465 845 1491 887; x_wconf 90' lang='lat' dir='ltr'><strong>et</strong></span> <span class='ocrx_word' id='word_1_721' title='bbox 1502 852 1552 896; x_wconf 85' lang='lat' dir='ltr'><strong>quo</strong></span> <span class='ocrx_word' id='word_1_722' title='bbox 1562 838 1596 884; x_wconf 92' lang='lat' dir='ltr'><strong>lir</strong></span> <span class='ocrx_word' id='word_1_723' title='bbox 1606 841 1813 905; x_wconf 88' lang='lat' dir='ltr'><strong>contertrretur,</strong></span> <span class='ocrx_word' id='word_1_724' title='bbox 1833 843 1859 888; x_wconf 92' lang='lat' dir='ltr'><strong>et</strong></span> <span class='ocrx_word' id='word_1_725' title='bbox 1868 854 1916 901; x_wconf 83' lang='lat' dir='ltr'><strong>quo</strong></span> <span class='ocrx_word' id='word_1_726' title='bbox 1925 843 2048 898; x_wconf 78' lang='lat' dir='ltr'><strong>teretem.</strong></span> 
     </span>
     <span class='ocr_line' id='line_1_86' title="bbox 1240 906 1722 966; baseline -0.002 -12"><span class='ocrx_word' id='word_1_727' title='bbox 1240 906 1380 954; x_wconf 87' lang='lat' dir='ltr'><strong>demnutio.</strong></span> <span class='ocrx_word' id='word_1_728' title='bbox 1410 907 1444 953; x_wconf 79' lang='lat' dir='ltr'><strong>lit</strong></span> <span class='ocrx_word' id='word_1_729' title='bbox 1455 907 1493 954; x_wconf 88' lang='lat' dir='ltr'><strong>itr</strong></span> <span class='ocrx_word' id='word_1_730' title='bbox 1502 906 1617 953; x_wconf 80' lang='lat' dir='ltr'><strong>hrbeoni</strong></span> <span class='ocrx_word' id='word_1_731' title='bbox 1627 907 1722 966; x_wconf 86' lang='lat' dir='ltr'><strong>plrcet.</strong></span> 
     </span>
    </p>

    <p class='ocr_par' dir='ltr' id='par_1_5' title="bbox 1239 974 2048 1377">
     <span class='ocr_line' id='line_1_87' title="bbox 1272 974 2048 1037; baseline 0.008 -18"><span class='ocrx_word' id='word_1_732' title='bbox 1272 992 1276 1000; x_wconf 92' lang='lat'>·</span> <span class='ocrx_word' id='word_1_733' title='bbox 1292 976 1360 1020; x_wconf 89' lang='lat' dir='ltr'><strong>vltl.</strong></span> <span class='ocrx_word' id='word_1_734' title='bbox 1382 975 1544 1022; x_wconf 72' lang='lat' dir='ltr'><strong>latram</strong></span> <span class='ocrx_word' id='word_1_735' title='bbox 1562 976 1629 1022; x_wconf 81' lang='lat' dir='ltr'><strong>titre</strong></span> <span class='ocrx_word' id='word_1_736' title='bbox 1641 975 1694 1021; x_wconf 83' lang='lat' dir='ltr'><strong>lx.</strong></span> <span class='ocrx_word' id='word_1_737' title='bbox 1706 974 1879 1037; x_wconf 72' lang='lat' dir='ltr'><strong>Digertorrrr.</strong></span> <span class='ocrx_word' id='word_1_738' title='bbox 1911 977 1938 1026; x_wconf 76' lang='lat' dir='ltr'><strong>Si</strong></span> <span class='ocrx_word' id='word_1_739' title='bbox 1951 979 2048 1032; x_wconf 74' lang='lat' dir='ltr'><strong>retexit.</strong></span> 
     </span>
     <span class='ocr_line' id='line_1_88' title="bbox 1240 1042 2048 1108; baseline 0.01 -21"><span class='ocrx_word' id='word_1_740' title='bbox 1240 1042 1349 1088; x_wconf 86' lang='lat' dir='ltr'><strong>bendum</strong></span> <span class='ocrx_word' id='word_1_741' title='bbox 1359 1047 1443 1089; x_wconf 86' lang='lat' dir='ltr'><strong>rctum</strong></span> <span class='ocrx_word' id='word_1_742' title='bbox 1457 1047 1496 1090; x_wconf 86' lang='lat' dir='ltr'><strong>ert</strong></span> <span class='ocrx_word' id='word_1_743' title='bbox 1507 1056 1563 1090; x_wconf 88' lang='lat' dir='ltr'><strong>cum</strong></span> <span class='ocrx_word' id='word_1_744' title='bbox 1574 1055 1615 1106; x_wconf 87' lang='lat' dir='ltr'><strong>eo,</strong></span> <span class='ocrx_word' id='word_1_745' title='bbox 1627 1042 1671 1101; x_wconf 88' lang='lat' dir='ltr'><strong>qui</strong></span> <span class='ocrx_word' id='word_1_746' title='bbox 1682 1056 1764 1100; x_wconf 85' lang='lat' dir='ltr'><strong>neque</strong></span> <span class='ocrx_word' id='word_1_747' title='bbox 1777 1044 2048 1108; x_wconf 61' lang='lat' dir='ltr'><strong>pomidebrtnequeto.</strong></span> 
     </span>
     <span class='ocr_line' id='line_1_89' title="bbox 1239 1109 2048 1174; baseline 0.015 -19"><span class='ocrx_word' id='word_1_748' title='bbox 1239 1109 1266 1155; x_wconf 92' lang='lat' dir='ltr'><strong>lo</strong></span> <span class='ocrx_word' id='word_1_749' title='bbox 1279 1110 1347 1156; x_wconf 79' lang='lat' dir='ltr'><strong>mulo</strong></span> <span class='ocrx_word' id='word_1_750' title='bbox 1359 1111 1472 1174; x_wconf 79' lang='lat' dir='ltr'><strong>feceret,</strong></span> <span class='ocrx_word' id='word_1_751' title='bbox 1492 1123 1543 1171; x_wconf 87' lang='lat' dir='ltr'><strong>quo</strong></span> <span class='ocrx_word' id='word_1_752' title='bbox 1554 1110 1639 1157; x_wconf 88' lang='lat' dir='ltr'><strong>miuur</strong></span> <span class='ocrx_word' id='word_1_753' title='bbox 1650 1111 1812 1173; x_wconf 89' lang='lat' dir='ltr'><strong>porrideret,</strong></span> <span class='ocrx_word' id='word_1_754' title='bbox 1831 1112 1920 1161; x_wconf 90' lang='lat' dir='ltr'><strong>deiude</strong></span> <span class='ocrx_word' id='word_1_755' title='bbox 1934 1128 1963 1162; x_wconf 92' lang='lat' dir='ltr'><strong>eo</strong></span> <span class='ocrx_word' id='word_1_756' title='bbox 1976 1118 2048 1166; x_wconf 83' lang='lat' dir='ltr'><strong>detur-</strong></span> 
     </span>
     <span class='ocr_line' id='line_1_90' title="bbox 1240 1178 2047 1241; baseline 0.009 -17"><span class='ocrx_word' id='word_1_757' title='bbox 1240 1180 1282 1224; x_wconf 92' lang='lat' dir='ltr'><strong>cto</strong></span> <span class='ocrx_word' id='word_1_758' title='bbox 1304 1178 1379 1226; x_wconf 88' lang='lat' dir='ltr'><strong>herer</strong></span> <span class='ocrx_word' id='word_1_759' title='bbox 1396 1179 1452 1225; x_wconf 88' lang='lat' dir='ltr'><strong>eiur</strong></span> <span class='ocrx_word' id='word_1_760' title='bbox 1463 1178 1579 1239; x_wconf 87' lang='lat' dir='ltr'><strong>porridet</strong></span> <span class='ocrx_word' id='word_1_761' title='bbox 1590 1193 1658 1240; x_wconf 87' lang='lat' dir='ltr'><strong>rem,</strong></span> <span class='ocrx_word' id='word_1_762' title='bbox 1679 1179 1802 1227; x_wconf 75' lang='lat' dir='ltr'><strong>exhibere</strong></span> <span class='ocrx_word' id='word_1_763' title='bbox 1813 1192 1868 1227; x_wconf 84' lang='lat' dir='ltr'><strong>erm</strong></span> <span class='ocrx_word' id='word_1_764' title='bbox 1878 1183 1994 1241; x_wconf 74' lang='lat' dir='ltr'><strong>cogentur</strong></span> <span class='ocrx_word' id='word_1_765' title='bbox 2002 1187 2047 1234; x_wconf 80' lang='lat' dir='ltr'><strong>erit.</strong></span> 
     </span>
     <span class='ocr_line' id='line_1_91' title="bbox 1240 1245 2048 1311; baseline 0.012 -19"><span class='ocrx_word' id='word_1_766' title='bbox 1240 1246 1306 1293; x_wconf 81' lang='lat' dir='ltr'><strong>Nem</strong></span> <span class='ocrx_word' id='word_1_767' title='bbox 1326 1246 1350 1292; x_wconf 89' lang='lat' dir='ltr'><strong>ri</strong></span> <span class='ocrx_word' id='word_1_768' title='bbox 1370 1246 1477 1294; x_wconf 82' lang='lat' dir='ltr'><strong>turdum</strong></span> <span class='ocrx_word' id='word_1_769' title='bbox 1494 1245 1536 1293; x_wconf 84' lang='lat' dir='ltr'><strong>rel</strong></span> <span class='ocrx_word' id='word_1_770' title='bbox 1549 1246 1679 1294; x_wconf 88' lang='lat' dir='ltr'><strong>hominem</strong></span> <span class='ocrx_word' id='word_1_771' title='bbox 1689 1246 1806 1311; x_wconf 88' lang='lat' dir='ltr'><strong>petiero,</strong></span> <span class='ocrx_word' id='word_1_772' title='bbox 1827 1247 2048 1302; x_wconf 81' lang='lat' dir='ltr'><strong>etbererexerden</strong></span> 
     </span>
     <span class='ocr_line' id='line_1_92' title="bbox 1240 1314 1886 1377; baseline 0 -16"><span class='ocrx_word' id='word_1_773' title='bbox 1240 1327 1318 1361; x_wconf 82' lang='lat' dir='ltr'><strong>crure</strong></span> <span class='ocrx_word' id='word_1_774' title='bbox 1325 1314 1459 1374; x_wconf 85' lang='lat' dir='ltr'><strong>porridere</strong></span> <span class='ocrx_word' id='word_1_775' title='bbox 1471 1315 1602 1377; x_wconf 88' lang='lat' dir='ltr'><strong>coeperit,</strong></span> <span class='ocrx_word' id='word_1_776' title='bbox 1623 1314 1765 1362; x_wconf 88' lang='lat' dir='ltr'><strong>rertituere</strong></span> <span class='ocrx_word' id='word_1_777' title='bbox 1776 1314 1886 1374; x_wconf 72' lang='lat' dir='ltr'><strong>cogitur.</strong></span> 
     </span>
    </p>

    <p class='ocr_par' dir='ltr' id='par_1_6' title="bbox 1238 1381 2117 5330">
     <span class='ocr_line' id='line_1_93' title="bbox 1290 1381 2047 1442; baseline 0.008 -15"><span class='ocrx_word' id='word_1_778' title='bbox 1290 1381 1336 1427; x_wconf 78' lang='lat' dir='ltr'><strong>lx.</strong></span> <span class='ocrx_word' id='word_1_779' title='bbox 1361 1383 1528 1442; x_wconf 81' lang='lat' dir='ltr'><strong>Ulpianur</strong></span> <span class='ocrx_word' id='word_1_780' title='bbox 1548 1382 1614 1429; x_wconf 81' lang='lat' dir='ltr'><strong>libro</strong></span> <span class='ocrx_word' id='word_1_781' title='bbox 1628 1381 1731 1430; x_wconf 84' lang='lat' dir='ltr'><strong>XXIV.</strong></span> <span class='ocrx_word' id='word_1_782' title='bbox 1754 1382 1925 1430; x_wconf 78' lang='lat' dir='ltr'><strong>adlidieturr.</strong></span> <span class='ocrx_word' id='word_1_783' title='bbox 1956 1386 2047 1437; x_wconf 79' lang='lat' dir='ltr'><strong>lulium</strong></span> 
     </span>
     <span class='ocr_line' id='line_1_94' title="bbox 1239 1449 2045 1513; baseline 0.009 -18"><span class='ocrx_word' id='word_1_784' title='bbox 1239 1449 1347 1497; x_wconf 84' lang='lat' dir='ltr'><strong>rcribit:</strong></span> <span class='ocrx_word' id='word_1_785' title='bbox 1369 1449 1401 1496; x_wconf 81' lang='lat' dir='ltr'><strong>Si</strong></span> <span class='ocrx_word' id='word_1_786' title='bbox 1409 1452 1467 1511; x_wconf 77' lang='lat' dir='ltr'><strong>petr</strong></span> <span class='ocrx_word' id='word_1_787' title='bbox 1476 1450 1616 1507; x_wconf 72' lang='lat' dir='ltr'><strong>hommem,</strong></span> <span class='ocrx_word' id='word_1_788' title='bbox 1634 1464 1706 1511; x_wconf 77' lang='lat' dir='ltr'><strong>quere</strong></span> <span class='ocrx_word' id='word_1_789' title='bbox 1714 1451 1883 1511; x_wconf 82' lang='lat' dir='ltr'><strong>porridebat,</strong></span> <span class='ocrx_word' id='word_1_790' title='bbox 1899 1453 2045 1513; x_wconf 66' lang='lat' dir='ltr'><strong>occideritn-</strong></span> 
     </span>
     <span class='ocr_line' id='line_1_95' title="bbox 1238 1519 2047 1584; baseline 0.007 -21"><span class='ocrx_word' id='word_1_791' title='bbox 1238 1519 1395 1564; x_wconf 71' lang='lat' dir='ltr'><strong>vendolium</strong></span> <span class='ocrx_word' id='word_1_792' title='bbox 1405 1519 1574 1566; x_wconf 76' lang='lat' dir='ltr'><strong>tramtulere&#39;t</strong></span> <span class='ocrx_word' id='word_1_793' title='bbox 1578 1519 1776 1578; x_wconf 69' lang='lat' dir='ltr'><strong>porrectionem,</strong></span> <span class='ocrx_word' id='word_1_794' title='bbox 1783 1520 1836 1565; x_wconf 83' lang='lat' dir='ltr'><strong>rire</strong></span> <span class='ocrx_word' id='word_1_795' title='bbox 1842 1519 1881 1566; x_wconf 85' lang='lat' dir='ltr'><strong>tta</strong></span> <span class='ocrx_word' id='word_1_796' title='bbox 1891 1533 1941 1566; x_wconf 87' lang='lat' dir='ltr'><strong>rerr</strong></span> <span class='ocrx_word' id='word_1_797' title='bbox 1949 1534 2047 1584; x_wconf 72' lang='lat' dir='ltr'><strong>comrpe-</strong></span> 
     </span>
     <span class='ocr_line' id='line_1_96' title="bbox 1239 1584 2047 1656; baseline 0.006 -25"><span class='ocrx_word' id='word_1_798' title='bbox 1239 1587 1286 1642; x_wconf 85' lang='lat' dir='ltr'><strong>rr&#39;t,</strong></span> <span class='ocrx_word' id='word_1_799' title='bbox 1294 1584 1426 1632; x_wconf 77' lang='lat' dir='ltr'><strong>nebeten·</strong></span> <span class='ocrx_word' id='word_1_800' title='bbox 1431 1588 1528 1646; x_wconf 78' lang='lat' dir='ltr'><strong>poerit,</strong></span> <span class='ocrx_word' id='word_1_801' title='bbox 1535 1586 1575 1633; x_wconf 66' lang='lat' dir='ltr'><strong>‘ad</strong></span> <span class='ocrx_word' id='word_1_802' title='bbox 1583 1585 1751 1633; x_wconf 73' lang='lat' dir='ltr'><strong>exhibendum</strong></span> <span class='ocrx_word' id='word_1_803' title='bbox 1762 1587 1897 1650; x_wconf 77' lang='lat' dir='ltr'><strong>terrebitur,</strong></span> <span class='ocrx_word' id='word_1_804' title='bbox 1904 1589 2047 1656; x_wconf 76' lang='lat' dir='ltr'><strong>qrirdriofe</strong></span> 
     </span>
     <span class='ocr_line' id='line_1_97' title="bbox 1239 1653 2047 1717; baseline 0.006 -17"><span class='ocrx_word' id='word_1_805' title='bbox 1239 1655 1292 1711; x_wconf 85' lang='lat' dir='ltr'><strong>eit,</strong></span> <span class='ocrx_word' id='word_1_806' title='bbox 1311 1668 1360 1715; x_wconf 75' lang='lat' dir='ltr'><strong>quo</strong></span> <span class='ocrx_word' id='word_1_807' title='bbox 1373 1655 1614 1715; x_wconf 77' lang='lat' dir='ltr'><strong>mirrrporrideret.</strong></span> <span class='ocrx_word' id='word_1_808' title='bbox 1648 1653 1762 1701; x_wconf 84' lang='lat' dir='ltr'><strong>Proinde</strong></span> <span class='ocrx_word' id='word_1_809' title='bbox 1773 1654 1832 1701; x_wconf 91' lang='lat' dir='ltr'><strong>etri</strong></span> <span class='ocrx_word' id='word_1_810' title='bbox 1842 1654 1940 1717; x_wconf 86' lang='lat' dir='ltr'><strong>viuum,</strong></span> <span class='ocrx_word' id='word_1_811' title='bbox 1958 1657 1993 1704; x_wconf 88' lang='lat' dir='ltr'><strong>rel</strong></span> <span class='ocrx_word' id='word_1_812' title='bbox 2006 1659 2047 1705; x_wconf 88' lang='lat' dir='ltr'><strong>ole-</strong></span> 
     </span>
     <span class='ocr_line' id='line_1_98' title="bbox 1240 1720 2046 1785; baseline 0.006 -18"><span class='ocrx_word' id='word_1_813' title='bbox 1240 1734 1298 1784; x_wconf 90' lang='lat' dir='ltr'><strong>um,</strong></span> <span class='ocrx_word' id='word_1_814' title='bbox 1321 1721 1364 1768; x_wconf 83' lang='lat' dir='ltr'><strong>vel</strong></span> <span class='ocrx_word' id='word_1_815' title='bbox 1374 1721 1435 1780; x_wconf 88' lang='lat' dir='ltr'><strong>quid</strong></span> <span class='ocrx_word' id='word_1_816' title='bbox 1445 1721 1517 1768; x_wconf 82' lang='lat' dir='ltr'><strong>rliod</strong></span> <span class='ocrx_word' id='word_1_817' title='bbox 1528 1720 1650 1769; x_wconf 85' lang='lat' dir='ltr'><strong>etluderit</strong></span> <span class='ocrx_word' id='word_1_818' title='bbox 1660 1723 1704 1769; x_wconf 85' lang='lat' dir='ltr'><strong>rel</strong></span> <span class='ocrx_word' id='word_1_819' title='bbox 1715 1722 1889 1785; x_wconf 73' lang='lat' dir='ltr'><strong>coutregerit,</strong></span> <span class='ocrx_word' id='word_1_820' title='bbox 1909 1723 1938 1770; x_wconf 87' lang='lat' dir='ltr'><strong>rd</strong></span> <span class='ocrx_word' id='word_1_821' title='bbox 1947 1724 2046 1772; x_wconf 82' lang='lat' dir='ltr'><strong>exhiber-</strong></span> 
     </span>
     <span class='ocr_line' id='line_1_99' title="bbox 1240 1789 2047 1850; baseline 0.004 -14"><span class='ocrx_word' id='word_1_822' title='bbox 1240 1790 1300 1836; x_wconf 89' lang='lat' dir='ltr'><strong>dum</strong></span> <span class='ocrx_word' id='word_1_823' title='bbox 1311 1790 1452 1836; x_wconf 88' lang='lat' dir='ltr'><strong>tenebitur.</strong></span> <span class='ocrx_word' id='word_1_824' title='bbox 1488 1791 1512 1850; x_wconf 88' lang='grc'><strong>5.</strong></span> <span class='ocrx_word' id='word_1_825' title='bbox 1527 1791 1549 1836; x_wconf 93' lang='lat' dir='ltr'><strong>l.</strong></span> <span class='ocrx_word' id='word_1_826' title='bbox 1561 1789 1641 1835; x_wconf 83' lang='lat' dir='ltr'><strong>Glenr</strong></span> <span class='ocrx_word' id='word_1_827' title='bbox 1652 1803 1688 1838; x_wconf 85' lang='lat' dir='ltr'><strong>ex</strong></span> <span class='ocrx_word' id='word_1_828' title='bbox 1697 1791 1791 1837; x_wconf 82' lang='lat' dir='ltr'><strong>orbore</strong></span> <span class='ocrx_word' id='word_1_829' title='bbox 1801 1795 1850 1838; x_wconf 88' lang='lat' dir='ltr'><strong>tur</strong></span> <span class='ocrx_word' id='word_1_830' title='bbox 1865 1791 1893 1838; x_wconf 90' lang='lat' dir='ltr'><strong>iu</strong></span> <span class='ocrx_word' id='word_1_831' title='bbox 1907 1791 2000 1838; x_wconf 85' lang='lat' dir='ltr'><strong>tondum</strong></span> <span class='ocrx_word' id='word_1_832' title='bbox 2007 1794 2047 1839; x_wconf 74' lang='lat' dir='ltr'><strong>ne·</strong></span> 
     </span>
     <span class='ocr_line' id='line_1_100' title="bbox 1240 1857 2047 1919; baseline 0.004 -16"><span class='ocrx_word' id='word_1_833' title='bbox 1240 1870 1283 1904; x_wconf 89' lang='lat' dir='ltr'><strong>um</strong></span> <span class='ocrx_word' id='word_1_834' title='bbox 1294 1858 1406 1916; x_wconf 87' lang='lat' dir='ltr'><strong>decidit;</strong></span> <span class='ocrx_word' id='word_1_835' title='bbox 1428 1870 1483 1905; x_wconf 88' lang='lat' dir='ltr'><strong>erm</strong></span> <span class='ocrx_word' id='word_1_836' title='bbox 1494 1870 1543 1917; x_wconf 72' lang='lat' dir='ltr'><strong>ego</strong></span> <span class='ocrx_word' id='word_1_837' title='bbox 1554 1857 1668 1905; x_wconf 89' lang='lat' dir='ltr'><strong>immirro</strong></span> <span class='ocrx_word' id='word_1_838' title='bbox 1679 1871 1775 1918; x_wconf 90' lang='lat' dir='ltr'><strong>pecore</strong></span> <span class='ocrx_word' id='word_1_839' title='bbox 1787 1859 1910 1919; x_wconf 82' lang='lat' dir='ltr'><strong>depurc03</strong></span> <span class='ocrx_word' id='word_1_840' title='bbox 1930 1872 1973 1918; x_wconf 85' lang='lat' dir='ltr'><strong>qur</strong></span> <span class='ocrx_word' id='word_1_841' title='bbox 1986 1861 2047 1906; x_wconf 82' lang='lat' dir='ltr'><strong>ectio</strong></span> 
     </span>
     <span class='ocr_line' id='line_1_101' title="bbox 1241 1925 2046 1988; baseline 0.005 -17"><span class='ocrx_word' id='word_1_842' title='bbox 1241 1940 1273 1972; x_wconf 89' lang='lat' dir='ltr'><strong>ne</strong></span> <span class='ocrx_word' id='word_1_843' title='bbox 1284 1937 1387 1984; x_wconf 86' lang='lat' dir='ltr'><strong>porrum</strong></span> <span class='ocrx_word' id='word_1_844' title='bbox 1399 1925 1501 1974; x_wconf 83' lang='lat' dir='ltr'><strong>tenerit</strong></span> <span class='ocrx_word' id='word_1_845' title='bbox 1512 1926 1669 1985; x_wconf 88' lang='lat' dir='ltr'><strong>Pomponiur</strong></span> <span class='ocrx_word' id='word_1_846' title='bbox 1681 1926 1788 1975; x_wconf 87' lang='lat' dir='ltr'><strong>rerihit:</strong></span> <span class='ocrx_word' id='word_1_847' title='bbox 1800 1927 2046 1988; x_wconf 83' lang='lat' dir='ltr'><strong>competereretioreu</strong></span> 
     </span>
     <span class='ocr_line' id='line_1_102' title="bbox 1240 1993 2046 2058; baseline 0.002 -18"><span class='ocrx_word' id='word_1_848' title='bbox 1240 1994 1272 2040; x_wconf 83' lang='lat' dir='ltr'><strong>od</strong></span> <span class='ocrx_word' id='word_1_849' title='bbox 1284 1993 1470 2056; x_wconf 83' lang='lat' dir='ltr'><strong>exhibendum,</strong></span> <span class='ocrx_word' id='word_1_850' title='bbox 1491 1994 1514 2039; x_wconf 93' lang='lat' dir='ltr'><strong>ri</strong></span> <span class='ocrx_word' id='word_1_851' title='bbox 1525 1994 1586 2040; x_wconf 93' lang='lat' dir='ltr'><strong>dolo</strong></span> <span class='ocrx_word' id='word_1_852' title='bbox 1597 2007 1675 2053; x_wconf 88' lang='lat' dir='ltr'><strong>peeur</strong></span> <span class='ocrx_word' id='word_1_853' title='bbox 1687 1993 1801 2058; x_wconf 88' lang='lat' dir='ltr'><strong>immiri,</strong></span> <span class='ocrx_word' id='word_1_854' title='bbox 1822 1999 1851 2041; x_wconf 92' lang='lat' dir='ltr'><strong>ut</strong></span> <span class='ocrx_word' id='word_1_855' title='bbox 1867 1996 1976 2055; x_wconf 70' lang='lat' dir='ltr'><strong>glrudeu</strong></span> <span class='ocrx_word' id='word_1_856' title='bbox 1983 2008 2046 2042; x_wconf 87' lang='lat' dir='ltr'><strong>coue-</strong></span> 
     </span>
     <span class='ocr_line' id='line_1_103' title="bbox 1241 2061 2046 2124; baseline 0.002 -17"><span class='ocrx_word' id='word_1_857' title='bbox 1241 2061 1322 2108; x_wconf 89' lang='lat' dir='ltr'><strong>deret.</strong></span> <span class='ocrx_word' id='word_1_858' title='bbox 1358 2062 1426 2109; x_wconf 77' lang='lat' dir='ltr'><strong>Nare</strong></span> <span class='ocrx_word' id='word_1_859' title='bbox 1436 2068 1464 2107; x_wconf 88' lang='lat' dir='ltr'><strong>et</strong></span> <span class='ocrx_word' id='word_1_860' title='bbox 1473 2064 1498 2109; x_wconf 84' lang='lat' dir='ltr'><strong>ri</strong></span> <span class='ocrx_word' id='word_1_861' title='bbox 1505 2063 1583 2124; x_wconf 76' lang='lat' dir='ltr'><strong>giarr</strong></span> <span class='ocrx_word' id='word_1_862' title='bbox 1593 2069 1729 2121; x_wconf 75' lang='lat' dir='ltr'><strong>certaret,</strong></span> <span class='ocrx_word' id='word_1_863' title='bbox 1744 2077 1792 2110; x_wconf 78' lang='lat' dir='ltr'><strong>rec</strong></span> <span class='ocrx_word' id='word_1_864' title='bbox 1799 2065 1917 2123; x_wconf 81' lang='lat' dir='ltr'><strong>patiar-ir</strong></span> <span class='ocrx_word' id='word_1_865' title='bbox 1926 2078 1961 2110; x_wconf 75' lang='lat' dir='ltr'><strong>ne</strong></span> <span class='ocrx_word' id='word_1_866' title='bbox 1968 2064 2046 2117; x_wconf 81' lang='lat' dir='ltr'><strong>tollere,</strong></span> 
     </span>
     <span class='ocr_line' id='line_1_104' title="bbox 1240 2128 2045 2193; baseline 0 -17"><span class='ocrx_word' id='word_1_867' title='bbox 1240 2131 1277 2176; x_wconf 82' lang='lat' dir='ltr'><strong>ad</strong></span> <span class='ocrx_word' id='word_1_868' title='bbox 1288 2128 1456 2176; x_wconf 70' lang='lat' dir='ltr'><strong>exhiberetur·</strong></span> <span class='ocrx_word' id='word_1_869' title='bbox 1469 2131 1610 2187; x_wconf 70' lang='lat' dir='ltr'><strong>teretem,</strong></span> <span class='ocrx_word' id='word_1_870' title='bbox 1628 2131 1839 2193; x_wconf 65' lang='lat' dir='ltr'><strong>quenadmodum</strong></span> <span class='ocrx_word' id='word_1_871' title='bbox 1849 2133 1874 2179; x_wconf 83' lang='lat' dir='ltr'><strong>ri</strong></span> <span class='ocrx_word' id='word_1_872' title='bbox 1882 2132 2002 2178; x_wconf 71' lang='lat' dir='ltr'><strong>memor</strong></span> <span class='ocrx_word' id='word_1_873' title='bbox 2010 2144 2045 2176; x_wconf 85' lang='lat' dir='ltr'><strong>rre-</strong></span> 
     </span>
     <span class='ocr_line' id='line_1_105' title="bbox 1241 2197 2045 2264; baseline 0 -20"><span class='ocrx_word' id='word_1_874' title='bbox 1241 2212 1284 2244; x_wconf 78' lang='lat' dir='ltr'><strong>um</strong></span> <span class='ocrx_word' id='word_1_875' title='bbox 1301 2197 1417 2244; x_wconf 70' lang='lat' dir='ltr'><strong>delatam</strong></span> <span class='ocrx_word' id='word_1_876' title='bbox 1435 2198 1462 2244; x_wconf 83' lang='lat' dir='ltr'><strong>tr</strong></span> <span class='ocrx_word' id='word_1_877' title='bbox 1485 2213 1578 2261; x_wconf 79' lang='lat' dir='ltr'><strong>agrum</strong></span> <span class='ocrx_word' id='word_1_878' title='bbox 1593 2213 1665 2247; x_wconf 81' lang='lat' dir='ltr'><strong>rurrr</strong></span> <span class='ocrx_word' id='word_1_879' title='bbox 1683 2200 1741 2261; x_wconf 81' lang='lat' dir='ltr'><strong>quir</strong></span> <span class='ocrx_word' id='word_1_880' title='bbox 1751 2200 2045 2264; x_wconf 77' lang='lat' dir='ltr'><strong>auferrererprteretrr.</strong></span> 
     </span>
     <span class='ocr_line' id='line_1_106' title="bbox 1240 2265 2045 2330; baseline 0 -19"><span class='ocrx_word' id='word_1_881' title='bbox 1240 2265 1275 2311; x_wconf 86' lang='lat' dir='ltr'><strong>Et</strong></span> <span class='ocrx_word' id='word_1_882' title='bbox 1285 2265 1371 2324; x_wconf 85' lang='lat' dir='ltr'><strong>plecet</strong></span> <span class='ocrx_word' id='word_1_883' title='bbox 1382 2265 1459 2312; x_wconf 89' lang='lat' dir='ltr'><strong>uobir</strong></span> <span class='ocrx_word' id='word_1_884' title='bbox 1469 2266 1606 2326; x_wconf 87' lang='lat' dir='ltr'><strong>Pomponii</strong></span> <span class='ocrx_word' id='word_1_885' title='bbox 1617 2267 1763 2330; x_wconf 86' lang='lat' dir='ltr'><strong>rententir,</strong></span> <span class='ocrx_word' id='word_1_886' title='bbox 1788 2267 1843 2315; x_wconf 79' lang='lat' dir='ltr'><strong>rire</strong></span> <span class='ocrx_word' id='word_1_887' title='bbox 1853 2265 1924 2327; x_wconf 72' lang='lat' dir='ltr'><strong>glrnr</strong></span> <span class='ocrx_word' id='word_1_888' title='bbox 1933 2271 2012 2327; x_wconf 83' lang='lat' dir='ltr'><strong>errtet,</strong></span> <span class='ocrx_word' id='word_1_889' title='bbox 2020 2265 2045 2311; x_wconf 87' lang='lat' dir='ltr'><strong>ri·</strong></span> 
     </span>
     <span class='ocr_line' id='line_1_107' title="bbox 1240 2334 2045 2399; baseline -0.001 -19"><span class='ocrx_word' id='word_1_890' title='bbox 1240 2347 1272 2384; x_wconf 84' lang='lat' dir='ltr'><strong>re</strong></span> <span class='ocrx_word' id='word_1_891' title='bbox 1284 2338 1417 2381; x_wconf 89' lang='lat' dir='ltr'><strong>conrumtr</strong></span> <span class='ocrx_word' id='word_1_892' title='bbox 1428 2334 1472 2381; x_wconf 91' lang='lat' dir='ltr'><strong>rit.</strong></span> <span class='ocrx_word' id='word_1_893' title='bbox 1509 2335 1559 2382; x_wconf 82' lang='lat' dir='ltr'><strong>Sed</strong></span> <span class='ocrx_word' id='word_1_894' title='bbox 1570 2335 1592 2380; x_wconf 89' lang='lat' dir='ltr'><strong>ri</strong></span> <span class='ocrx_word' id='word_1_895' title='bbox 1603 2337 1700 2399; x_wconf 84' lang='lat' dir='ltr'><strong>exrtet,</strong></span> <span class='ocrx_word' id='word_1_896' title='bbox 1722 2336 1803 2382; x_wconf 80' lang='lat' dir='ltr'><strong>etium</strong></span> <span class='ocrx_word' id='word_1_897' title='bbox 1813 2334 1948 2383; x_wconf 88' lang='lat' dir='ltr'><strong>interdicto</strong></span> <span class='ocrx_word' id='word_1_898' title='bbox 1957 2335 1983 2381; x_wconf 93' lang='lat' dir='ltr'><strong>de</strong></span> <span class='ocrx_word' id='word_1_899' title='bbox 1991 2334 2045 2393; x_wconf 71' lang='lat' dir='ltr'><strong>girr-</strong></span> 
     </span>
     <span class='ocr_line' id='line_1_108' title="bbox 1240 2401 2045 2466; baseline 0 -18"><span class='ocrx_word' id='word_1_900' title='bbox 1240 2402 1271 2450; x_wconf 89' lang='lat' dir='ltr'><strong>de</strong></span> <span class='ocrx_word' id='word_1_901' title='bbox 1281 2403 1406 2466; x_wconf 77' lang='lat' dir='ltr'><strong>legende,</strong></span> <span class='ocrx_word' id='word_1_902' title='bbox 1426 2405 1456 2449; x_wconf 92' lang='lat' dir='ltr'><strong>ut</strong></span> <span class='ocrx_word' id='word_1_903' title='bbox 1464 2401 1527 2450; x_wconf 91' lang='lat' dir='ltr'><strong>mihi</strong></span> <span class='ocrx_word' id='word_1_904' title='bbox 1538 2403 1618 2449; x_wconf 89' lang='lat' dir='ltr'><strong>tertio</strong></span> <span class='ocrx_word' id='word_1_905' title='bbox 1629 2414 1731 2463; x_wconf 75' lang='lat' dir='ltr'><strong>quoque</strong></span> <span class='ocrx_word' id='word_1_906' title='bbox 1741 2402 1786 2451; x_wconf 90' lang='lat' dir='ltr'><strong>die</strong></span> <span class='ocrx_word' id='word_1_907' title='bbox 1795 2402 1918 2464; x_wconf 71' lang='lat' dir='ltr'><strong>legeutlre</strong></span> <span class='ocrx_word' id='word_1_908' title='bbox 1926 2401 2011 2463; x_wconf 74' lang='lat' dir='ltr'><strong>gtmtir</strong></span> <span class='ocrx_word' id='word_1_909' title='bbox 2018 2401 2045 2448; x_wconf 88' lang='lat' dir='ltr'><strong>tr-</strong></span> 
     </span>
     <span class='ocr_line' id='line_1_109' title="bbox 1239 2467 2046 2533; baseline -0.001 -17"><span class='ocrx_word' id='word_1_910' title='bbox 1239 2469 1323 2517; x_wconf 85' lang='lat' dir='ltr'><strong>cultur</strong></span> <span class='ocrx_word' id='word_1_911' title='bbox 1334 2474 1412 2532; x_wconf 87' lang='lat' dir='ltr'><strong>erret,</strong></span> <span class='ocrx_word' id='word_1_912' title='bbox 1434 2472 1473 2517; x_wconf 90' lang='lat' dir='ltr'><strong>uti</strong></span> <span class='ocrx_word' id='word_1_913' title='bbox 1484 2475 1590 2533; x_wconf 91' lang='lat' dir='ltr'><strong>potero,</strong></span> <span class='ocrx_word' id='word_1_914' title='bbox 1603 2470 1625 2517; x_wconf 89' lang='lat' dir='ltr'><strong>ri</strong></span> <span class='ocrx_word' id='word_1_915' title='bbox 1637 2471 1723 2518; x_wconf 77' lang='lat' dir='ltr'><strong>domni</strong></span> <span class='ocrx_word' id='word_1_916' title='bbox 1735 2470 1829 2518; x_wconf 86' lang='lat' dir='ltr'><strong>intecti</strong></span> <span class='ocrx_word' id='word_1_917' title='bbox 1840 2483 1938 2518; x_wconf 89' lang='lat' dir='ltr'><strong>errero.</strong></span> <span class='ocrx_word' id='word_1_918' title='bbox 1969 2467 2046 2532; x_wconf 62' lang='lat' dir='ltr'><strong>titi</strong></span> 
     </span>
     <span class='ocr_line' id='line_1_110' title="bbox 1239 2537 2045 2602; baseline 0.002 -18"><span class='ocrx_word' id='word_1_919' title='bbox 1239 2538 1298 2596; x_wconf 89' lang='lat' dir='ltr'><strong>quir</strong></span> <span class='ocrx_word' id='word_1_920' title='bbox 1319 2553 1373 2587; x_wconf 87' lang='lat' dir='ltr'><strong>rem</strong></span> <span class='ocrx_word' id='word_1_921' title='bbox 1397 2538 1459 2586; x_wconf 79' lang='lat' dir='ltr'><strong>tecit</strong></span> <span class='ocrx_word' id='word_1_922' title='bbox 1476 2539 1598 2585; x_wconf 78' lang='lat' dir='ltr'><strong>edulium</strong></span> <span class='ocrx_word' id='word_1_923' title='bbox 1617 2539 1771 2602; x_wconf 81' lang='lat' dir='ltr'><strong>pervenire,</strong></span> <span class='ocrx_word' id='word_1_924' title='bbox 1791 2537 2045 2599; x_wconf 79' lang='lat' dir='ltr'><strong>videturdololecitrr,</strong></span> 
     </span>
     <span class='ocr_line' id='line_1_111' title="bbox 1239 2604 2045 2671; baseline -0.001 -18"><span class='ocrx_word' id='word_1_925' title='bbox 1239 2621 1290 2665; x_wconf 88' lang='lat' dir='ltr'><strong>quo</strong></span> <span class='ocrx_word' id='word_1_926' title='bbox 1303 2607 1388 2654; x_wconf 87' lang='lat' dir='ltr'><strong>minor</strong></span> <span class='ocrx_word' id='word_1_927' title='bbox 1399 2607 1540 2669; x_wconf 86' lang='lat' dir='ltr'><strong>porrideut,</strong></span> <span class='ocrx_word' id='word_1_928' title='bbox 1552 2606 1575 2654; x_wconf 90' lang='lat' dir='ltr'><strong>ri</strong></span> <span class='ocrx_word' id='word_1_929' title='bbox 1586 2608 1662 2654; x_wconf 90' lang='lat' dir='ltr'><strong>modo</strong></span> <span class='ocrx_word' id='word_1_930' title='bbox 1673 2609 1722 2654; x_wconf 92' lang='lat' dir='ltr'><strong>hoc</strong></span> <span class='ocrx_word' id='word_1_931' title='bbox 1732 2606 1826 2654; x_wconf 87' lang='lat' dir='ltr'><strong>dolore</strong></span> <span class='ocrx_word' id='word_1_932' title='bbox 1836 2607 1932 2655; x_wconf 87' lang='lat' dir='ltr'><strong>iecerit.</strong></span> <span class='ocrx_word' id='word_1_933' title='bbox 1948 2609 1969 2671; x_wconf 86' lang='grc'><strong>5.</strong></span> <span class='ocrx_word' id='word_1_934' title='bbox 1978 2608 1997 2654; x_wconf 78' lang='lat' dir='ltr'><strong>t.</strong></span> <span class='ocrx_word' id='word_1_935' title='bbox 2007 2604 2045 2652; x_wconf 70' lang='lat' dir='ltr'><strong>set</strong></span> 
     </span>
     <span class='ocr_line' id='line_1_112' title="bbox 1239 2674 2044 2739; baseline 0 -19"><span class='ocrx_word' id='word_1_936' title='bbox 1239 2675 1261 2721; x_wconf 85' lang='lat' dir='ltr'><strong>rt</strong></span> <span class='ocrx_word' id='word_1_937' title='bbox 1273 2675 1331 2733; x_wconf 84' lang='lat' dir='ltr'><strong>quir</strong></span> <span class='ocrx_word' id='word_1_938' title='bbox 1342 2689 1396 2722; x_wconf 90' lang='lat' dir='ltr'><strong>rem</strong></span> <span class='ocrx_word' id='word_1_939' title='bbox 1407 2674 1563 2724; x_wconf 88' lang='lat' dir='ltr'><strong>deteriorem</strong></span> <span class='ocrx_word' id='word_1_940' title='bbox 1574 2675 1737 2739; x_wconf 83' lang='lat' dir='ltr'><strong>exhibuerit,</strong></span> <span class='ocrx_word' id='word_1_941' title='bbox 1770 2688 1853 2736; x_wconf 85' lang='lat' dir='ltr'><strong>reque</strong></span> <span class='ocrx_word' id='word_1_942' title='bbox 1864 2677 1895 2723; x_wconf 90' lang='lat' dir='ltr'><strong>rd</strong></span> <span class='ocrx_word' id='word_1_943' title='bbox 1904 2674 2044 2726; x_wconf 78' lang='lat' dir='ltr'><strong>exhibentur</strong></span> 
     </span>
     <span class='ocr_line' id='line_1_113' title="bbox 1239 2739 2045 2806; baseline 0.001 -17"><span class='ocrx_word' id='word_1_944' title='bbox 1239 2757 1296 2790; x_wconf 91' lang='lat' dir='ltr'><strong>cum</strong></span> <span class='ocrx_word' id='word_1_945' title='bbox 1307 2743 1407 2804; x_wconf 89' lang='lat' dir='ltr'><strong>teneri,</strong></span> <span class='ocrx_word' id='word_1_946' title='bbox 1430 2744 1540 2790; x_wconf 77' lang='lat' dir='ltr'><strong>Sebinur</strong></span> <span class='ocrx_word' id='word_1_947' title='bbox 1551 2743 1597 2790; x_wconf 87' lang='lat' dir='ltr'><strong>rit.</strong></span> <span class='ocrx_word' id='word_1_948' title='bbox 1631 2744 1681 2792; x_wconf 85' lang='lat' dir='ltr'><strong>Sed</strong></span> <span class='ocrx_word' id='word_1_949' title='bbox 1692 2744 1741 2791; x_wconf 93' lang='lat' dir='ltr'><strong>hoc</strong></span> <span class='ocrx_word' id='word_1_950' title='bbox 1752 2743 1792 2791; x_wconf 86' lang='lat' dir='ltr'><strong>itr</strong></span> <span class='ocrx_word' id='word_1_951' title='bbox 1801 2744 1890 2806; x_wconf 85' lang='lat' dir='ltr'><strong>utique</strong></span> <span class='ocrx_word' id='word_1_952' title='bbox 1899 2758 1977 2794; x_wconf 77' lang='lat' dir='ltr'><strong>veron</strong></span> <span class='ocrx_word' id='word_1_953' title='bbox 1985 2739 2045 2803; x_wconf 68' lang='lat' dir='ltr'><strong>ectri</strong></span> 
     </span>
     <span class='ocr_line' id='line_1_114' title="bbox 1240 2810 2044 2876; baseline -0.005 -18"><span class='ocrx_word' id='word_1_954' title='bbox 1240 2812 1301 2858; x_wconf 88' lang='lat' dir='ltr'><strong>doio</strong></span> <span class='ocrx_word' id='word_1_955' title='bbox 1321 2810 1391 2858; x_wconf 81' lang='lat' dir='ltr'><strong>mulo</strong></span> <span class='ocrx_word' id='word_1_956' title='bbox 1412 2810 1439 2857; x_wconf 90' lang='lat' dir='ltr'><strong>in</strong></span> <span class='ocrx_word' id='word_1_957' title='bbox 1460 2811 1533 2858; x_wconf 84' lang='lat' dir='ltr'><strong>eliud</strong></span> <span class='ocrx_word' id='word_1_958' title='bbox 1549 2825 1643 2872; x_wconf 89' lang='lat' dir='ltr'><strong>corpur</strong></span> <span class='ocrx_word' id='word_1_959' title='bbox 1654 2825 1696 2860; x_wconf 89' lang='lat' dir='ltr'><strong>rer</strong></span> <span class='ocrx_word' id='word_1_960' title='bbox 1707 2812 1742 2859; x_wconf 89' lang='lat' dir='ltr'><strong>rit</strong></span> <span class='ocrx_word' id='word_1_961' title='bbox 1754 2813 1897 2876; x_wconf 85' lang='lat' dir='ltr'><strong>trrurlrtr,</strong></span> <span class='ocrx_word' id='word_1_962' title='bbox 1916 2810 2044 2862; x_wconf 87' lang='lat' dir='ltr'><strong>reiutirier</strong></span> 
     </span>
     <span class='ocr_line' id='line_1_115' title="bbox 1239 2879 2043 2939; baseline 0 -13"><span class='ocrx_word' id='word_1_963' title='bbox 1239 2880 1334 2939; x_wconf 86' lang='lat' dir='ltr'><strong>rcypho</strong></span> <span class='ocrx_word' id='word_1_964' title='bbox 1345 2891 1429 2926; x_wconf 84' lang='lat' dir='ltr'><strong>murrr</strong></span> <span class='ocrx_word' id='word_1_965' title='bbox 1440 2880 1508 2926; x_wconf 87' lang='lat' dir='ltr'><strong>trctr</strong></span> <span class='ocrx_word' id='word_1_966' title='bbox 1517 2880 1561 2927; x_wconf 83' lang='lat' dir='ltr'><strong>rit.</strong></span> <span class='ocrx_word' id='word_1_967' title='bbox 1589 2881 1741 2939; x_wconf 79' lang='lat' dir='ltr'><strong>Quruqurm</strong></span> <span class='ocrx_word' id='word_1_968' title='bbox 1753 2880 1825 2928; x_wconf 85' lang='lat' dir='ltr'><strong>euim</strong></span> <span class='ocrx_word' id='word_1_969' title='bbox 1834 2894 1938 2929; x_wconf 85' lang='lat' dir='ltr'><strong>mrrrrm</strong></span> <span class='ocrx_word' id='word_1_970' title='bbox 1943 2879 2043 2939; x_wconf 75' lang='lat' dir='ltr'><strong>exhibet,</strong></span> 
     </span>
     <span class='ocr_line' id='line_1_116' title="bbox 1239 2946 2043 3011; baseline 0.006 -17"><span class='ocrx_word' id='word_1_971' title='bbox 1239 2948 1271 2994; x_wconf 86' lang='lat' dir='ltr'><strong>ud</strong></span> <span class='ocrx_word' id='word_1_972' title='bbox 1282 2946 1457 2994; x_wconf 77' lang='lat' dir='ltr'><strong>exhibendum</strong></span> <span class='ocrx_word' id='word_1_973' title='bbox 1468 2948 1615 3008; x_wconf 67' lang='lat' dir='ltr'><strong>tenebitur,</strong></span> <span class='ocrx_word' id='word_1_974' title='bbox 1634 2963 1694 2996; x_wconf 87' lang='lat' dir='ltr'><strong>urm</strong></span> <span class='ocrx_word' id='word_1_975' title='bbox 1704 2951 1806 2996; x_wconf 86' lang='lat' dir='ltr'><strong>mutrtr</strong></span> <span class='ocrx_word' id='word_1_976' title='bbox 1815 2951 1897 2998; x_wconf 83' lang='lat' dir='ltr'><strong>formu</strong></span> <span class='ocrx_word' id='word_1_977' title='bbox 1906 2963 1976 3011; x_wconf 85' lang='lat' dir='ltr'><strong>prope</strong></span> <span class='ocrx_word' id='word_1_978' title='bbox 1984 2946 2043 2992; x_wconf 67' lang='lat' dir='ltr'><strong>iulet·</strong></span> 
     </span>
     <span class='ocr_line' id='line_1_117' title="bbox 1239 3014 2045 3076; baseline -0.002 -14"><span class='ocrx_word' id='word_1_979' title='bbox 1239 3015 1297 3062; x_wconf 91' lang='lat' dir='ltr'><strong>imit</strong></span> <span class='ocrx_word' id='word_1_980' title='bbox 1307 3014 1478 3062; x_wconf 85' lang='lat' dir='ltr'><strong>rubrtrntirm</strong></span> <span class='ocrx_word' id='word_1_981' title='bbox 1489 3017 1537 3063; x_wconf 90' lang='lat' dir='ltr'><strong>rei.</strong></span> <span class='ocrx_word' id='word_1_982' title='bbox 1560 3017 1770 3076; x_wconf 69' lang='lat' dir='ltr'><strong>§.emercetur</strong></span> <span class='ocrx_word' id='word_1_983' title='bbox 1785 3017 1888 3067; x_wconf 89' lang='lat' dir='ltr'><strong>rcribit:</strong></span> <span class='ocrx_word' id='word_1_984' title='bbox 1901 3019 1922 3064; x_wconf 90' lang='lat' dir='ltr'><strong>ri</strong></span> <span class='ocrx_word' id='word_1_985' title='bbox 1932 3017 1974 3065; x_wconf 87' lang='lat' dir='ltr'><strong>tibi</strong></span> <span class='ocrx_word' id='word_1_986' title='bbox 1982 3014 2045 3061; x_wconf 73' lang='lat' dir='ltr'><strong>decer</strong></span> 
     </span>
     <span class='ocr_line' id='line_1_118' title="bbox 1239 3082 2045 3148; baseline -0.001 -19"><span class='ocrx_word' id='word_1_987' title='bbox 1239 3084 1394 3130; x_wconf 73' lang='lat' dir='ltr'><strong>numismate</strong></span> <span class='ocrx_word' id='word_1_988' title='bbox 1404 3082 1458 3130; x_wconf 87' lang='lat' dir='ltr'><strong>rint</strong></span> <span class='ocrx_word' id='word_1_989' title='bbox 1469 3085 1516 3131; x_wconf 87' lang='lat' dir='ltr'><strong>rub</strong></span> <span class='ocrx_word' id='word_1_990' title='bbox 1528 3084 1680 3133; x_wconf 88' lang='lat' dir='ltr'><strong>conditione</strong></span> <span class='ocrx_word' id='word_1_991' title='bbox 1691 3086 1792 3148; x_wconf 74' lang='lat' dir='ltr'><strong>tegete,</strong></span> <span class='ocrx_word' id='word_1_992' title='bbox 1800 3088 1827 3133; x_wconf 90' lang='lat' dir='ltr'><strong>et</strong></span> <span class='ocrx_word' id='word_1_993' title='bbox 1837 3086 1898 3133; x_wconf 88' lang='lat' dir='ltr'><strong>mihi</strong></span> <span class='ocrx_word' id='word_1_994' title='bbox 1908 3086 1984 3135; x_wconf 69' lang='lat' dir='ltr'><strong>decem</strong></span> <span class='ocrx_word' id='word_1_995' title='bbox 1991 3091 2045 3128; x_wconf 72' lang='lat' dir='ltr'><strong>orm</strong></span> 
     </span>
     <span class='ocr_line' id='line_1_119' title="bbox 1239 3152 2046 3220; baseline -0.006 -21"><span class='ocrx_word' id='word_1_996' title='bbox 1239 3154 1338 3199; x_wconf 78' lang='lat' dir='ltr'><strong>fructur</strong></span> <span class='ocrx_word' id='word_1_997' title='bbox 1349 3165 1428 3215; x_wconf 92' lang='lat' dir='ltr'><strong>pure,</strong></span> <span class='ocrx_word' id='word_1_998' title='bbox 1449 3152 1542 3199; x_wconf 89' lang='lat' dir='ltr'><strong>deinde</strong></span> <span class='ocrx_word' id='word_1_999' title='bbox 1552 3153 1627 3200; x_wconf 91' lang='lat' dir='ltr'><strong>herer</strong></span> <span class='ocrx_word' id='word_1_1000' title='bbox 1636 3154 1766 3213; x_wconf 82' lang='lat' dir='ltr'><strong>pendente</strong></span> <span class='ocrx_word' id='word_1_1001' title='bbox 1779 3153 1948 3220; x_wconf 82' lang='lat' dir='ltr'><strong>conditione,</strong></span> <span class='ocrx_word' id='word_1_1002' title='bbox 1961 3159 2046 3201; x_wconf 77' lang='lat' dir='ltr'><strong>uouer-</strong></span> 
     </span>
     <span class='ocr_line' id='line_1_120' title="bbox 1239 3219 2044 3285; baseline -0.001 -18"><span class='ocrx_word' id='word_1_1003' title='bbox 1239 3224 1297 3267; x_wconf 83' lang='lat' dir='ltr'><strong>rctu</strong></span> <span class='ocrx_word' id='word_1_1004' title='bbox 1307 3220 1444 3283; x_wconf 81' lang='lat' dir='ltr'><strong>ceutioue,</strong></span> <span class='ocrx_word' id='word_1_1005' title='bbox 1466 3220 1553 3267; x_wconf 89' lang='lat' dir='ltr'><strong>decem</strong></span> <span class='ocrx_word' id='word_1_1006' title='bbox 1564 3221 1711 3269; x_wconf 81' lang='lat' dir='ltr'><strong>tructurrio</strong></span> <span class='ocrx_word' id='word_1_1007' title='bbox 1722 3223 1852 3285; x_wconf 84' lang='lat' dir='ltr'><strong>rolrerr‘t,</strong></span> <span class='ocrx_word' id='word_1_1008' title='bbox 1869 3224 1900 3270; x_wconf 88' lang='lat' dir='ltr'><strong>rd</strong></span> <span class='ocrx_word' id='word_1_1009' title='bbox 1910 3219 2044 3269; x_wconf 80' lang='lat' dir='ltr'><strong>exhibentur</strong></span> 
     </span>
     <span class='ocr_line' id='line_1_121' title="bbox 1239 3286 2044 3354; baseline 0.006 -19"><span class='ocrx_word' id='word_1_1010' title='bbox 1239 3303 1299 3335; x_wconf 90' lang='lat' dir='ltr'><strong>eum</strong></span> <span class='ocrx_word' id='word_1_1011' title='bbox 1308 3287 1412 3335; x_wconf 84' lang='lat' dir='ltr'><strong>rctione</strong></span> <span class='ocrx_word' id='word_1_1012' title='bbox 1423 3288 1524 3352; x_wconf 85' lang='lat' dir='ltr'><strong>teneri,</strong></span> <span class='ocrx_word' id='word_1_1013' title='bbox 1547 3289 1620 3347; x_wconf 85' lang='lat' dir='ltr'><strong>qurri</strong></span> <span class='ocrx_word' id='word_1_1014' title='bbox 1632 3289 1693 3338; x_wconf 89' lang='lat' dir='ltr'><strong>dolo</strong></span> <span class='ocrx_word' id='word_1_1015' title='bbox 1704 3291 1815 3354; x_wconf 82' lang='lat' dir='ltr'><strong>lecerit,</strong></span> <span class='ocrx_word' id='word_1_1016' title='bbox 1836 3304 1885 3350; x_wconf 88' lang='lat' dir='ltr'><strong>quo</strong></span> <span class='ocrx_word' id='word_1_1017' title='bbox 1902 3289 1976 3339; x_wconf 68' lang='lat' dir='ltr'><strong>mour</strong></span> <span class='ocrx_word' id='word_1_1018' title='bbox 1984 3286 2044 3350; x_wconf 65' lang='lat' dir='ltr'><strong>postl-</strong></span> 
     </span>
     <span class='ocr_line' id='line_1_122' title="bbox 1240 3356 2044 3422; baseline 0.002 -19"><span class='ocrx_word' id='word_1_1019' title='bbox 1240 3357 1321 3404; x_wconf 88' lang='lat' dir='ltr'><strong>derct.</strong></span> <span class='ocrx_word' id='word_1_1020' title='bbox 1340 3356 1423 3403; x_wconf 85' lang='lat' dir='ltr'><strong>Dolor</strong></span> <span class='ocrx_word' id='word_1_1021' title='bbox 1433 3359 1521 3404; x_wconf 88' lang='lat' dir='ltr'><strong>rotem</strong></span> <span class='ocrx_word' id='word_1_1022' title='bbox 1532 3356 1561 3403; x_wconf 88' lang='lat' dir='ltr'><strong>iu</strong></span> <span class='ocrx_word' id='word_1_1023' title='bbox 1572 3373 1604 3407; x_wconf 91' lang='lat' dir='ltr'><strong>eo</strong></span> <span class='ocrx_word' id='word_1_1024' title='bbox 1617 3364 1666 3422; x_wconf 90' lang='lat' dir='ltr'><strong>ert,</strong></span> <span class='ocrx_word' id='word_1_1025' title='bbox 1677 3360 1746 3420; x_wconf 79' lang='lat' dir='ltr'><strong>quod</strong></span> <span class='ocrx_word' id='word_1_1026' title='bbox 1756 3359 1907 3407; x_wconf 69' lang='lat' dir='ltr'><strong>cautionem</strong></span> <span class='ocrx_word' id='word_1_1027' title='bbox 1918 3360 2044 3419; x_wconf 71' lang='lat' dir='ltr'><strong>erigeren-</strong></span> 
     </span>
     <span class='ocr_line' id='line_1_123' title="bbox 1240 3424 2043 3491; baseline 0 -19"><span class='ocrx_word' id='word_1_1028' title='bbox 1240 3424 1548 3489; x_wconf 83' lang='lat' dir='ltr'><strong>perreditriructurrio,</strong></span> <span class='ocrx_word' id='word_1_1029' title='bbox 1568 3427 1753 3491; x_wconf 80' lang='lat' dir='ltr'><strong>erectumque,</strong></span> <span class='ocrx_word' id='word_1_1030' title='bbox 1769 3433 1805 3475; x_wconf 89' lang='lat' dir='ltr'><strong>ut</strong></span> <span class='ocrx_word' id='word_1_1031' title='bbox 1815 3428 2043 3489; x_wconf 73' lang='lat' dir='ltr'><strong>legrtomtoorett·</strong></span> 
     </span>
     <span class='ocr_line' id='line_1_124' title="bbox 1240 3492 2045 3556; baseline 0.007 -19"><span class='ocrx_word' id='word_1_1032' title='bbox 1240 3496 1375 3556; x_wconf 85' lang='lat' dir='ltr'><strong>rrerceret,</strong></span> <span class='ocrx_word' id='word_1_1033' title='bbox 1395 3505 1475 3550; x_wconf 89' lang='lat' dir='ltr'><strong>quom</strong></span> <span class='ocrx_word' id='word_1_1034' title='bbox 1493 3492 1545 3540; x_wconf 87' lang='lat' dir='ltr'><strong>irm</strong></span> <span class='ocrx_word' id='word_1_1035' title='bbox 1560 3508 1678 3543; x_wconf 89' lang='lat' dir='ltr'><strong>nummor</strong></span> <span class='ocrx_word' id='word_1_1036' title='bbox 1688 3495 1890 3545; x_wconf 80' lang='lat' dir='ltr'><strong>viudlcrrenou</strong></span> <span class='ocrx_word' id='word_1_1037' title='bbox 1902 3496 1982 3556; x_wconf 87' lang='lat' dir='ltr'><strong>porrlr.</strong></span> <span class='ocrx_word' id='word_1_1038' title='bbox 2015 3492 2045 3536; x_wconf 75' lang='lat'><strong>¹¹⁸</strong></span> 
     </span>
     <span class='ocr_line' id='line_1_125' title="bbox 1240 3560 2045 3627; baseline 0.004 -22"><span class='ocrx_word' id='word_1_1039' title='bbox 1240 3560 1341 3606; x_wconf 89' lang='lat' dir='ltr'><strong>demum</strong></span> <span class='ocrx_word' id='word_1_1040' title='bbox 1351 3564 1436 3617; x_wconf 83' lang='lat' dir='ltr'><strong>eutem</strong></span> <span class='ocrx_word' id='word_1_1041' title='bbox 1447 3561 1534 3608; x_wconf 89' lang='lat' dir='ltr'><strong>locum</strong></span> <span class='ocrx_word' id='word_1_1042' title='bbox 1544 3563 1648 3612; x_wconf 80' lang='lat' dir='ltr'><strong>hebebit</strong></span> <span class='ocrx_word' id='word_1_1043' title='bbox 1658 3565 1690 3611; x_wconf 87' lang='lat' dir='ltr'><strong>rd</strong></span> <span class='ocrx_word' id='word_1_1044' title='bbox 1701 3564 1879 3614; x_wconf 82' lang='lat' dir='ltr'><strong>exhibendum</strong></span> <span class='ocrx_word' id='word_1_1045' title='bbox 1890 3565 1966 3627; x_wconf 88' lang='lat' dir='ltr'><strong>rctio,</strong></span> <span class='ocrx_word' id='word_1_1046' title='bbox 1974 3562 1991 3609; x_wconf 88' lang='lat' dir='ltr'><strong>ri</strong></span> <span class='ocrx_word' id='word_1_1047' title='bbox 2000 3572 2045 3609; x_wconf 80' lang='lat' dir='ltr'><strong>con·</strong></span> 
     </span>
     <span class='ocr_line' id='line_1_126' title="bbox 1241 3627 2045 3693; baseline 0.006 -19"><span class='ocrx_word' id='word_1_1048' title='bbox 1241 3628 1307 3674; x_wconf 89' lang='lat' dir='ltr'><strong>ditio</strong></span> <span class='ocrx_word' id='word_1_1049' title='bbox 1318 3629 1452 3677; x_wconf 78' lang='lat' dir='ltr'><strong>exrtiterit</strong></span> <span class='ocrx_word' id='word_1_1050' title='bbox 1461 3627 1553 3690; x_wconf 71' lang='lat' dir='ltr'><strong>lereti.</strong></span> <span class='ocrx_word' id='word_1_1051' title='bbox 1587 3632 1703 3680; x_wconf 82' lang='lat' dir='ltr'><strong>Potuirti</strong></span> <span class='ocrx_word' id='word_1_1052' title='bbox 1714 3638 1804 3682; x_wconf 78' lang='lat' dir='ltr'><strong>tumen</strong></span> <span class='ocrx_word' id='word_1_1053' title='bbox 1814 3633 1861 3682; x_wconf 86' lang='lat' dir='ltr'><strong>tibi</strong></span> <span class='ocrx_word' id='word_1_1054' title='bbox 1876 3632 2005 3693; x_wconf 87' lang='lat' dir='ltr'><strong>prorpicere</strong></span> <span class='ocrx_word' id='word_1_1055' title='bbox 2012 3627 2045 3674; x_wconf 77' lang='lat' dir='ltr'><strong>tti-</strong></span> 
     </span>
     <span class='ocr_line' id='line_1_127' title="bbox 1241 3695 2045 3763; baseline 0.001 -22"><span class='ocrx_word' id='word_1_1056' title='bbox 1241 3695 1375 3756; x_wconf 81' lang='lat' dir='ltr'><strong>pulrtioue</strong></span> <span class='ocrx_word' id='word_1_1057' title='bbox 1395 3696 1554 3762; x_wconf 73' lang='lat' dir='ltr'><strong>legatorum,</strong></span> <span class='ocrx_word' id='word_1_1058' title='bbox 1575 3702 1634 3748; x_wconf 88' lang='lat' dir='ltr'><strong>etri</strong></span> <span class='ocrx_word' id='word_1_1059' title='bbox 1648 3701 1829 3763; x_wconf 80' lang='lat' dir='ltr'><strong>prorperirti,</strong></span> <span class='ocrx_word' id='word_1_1060' title='bbox 1849 3714 1903 3749; x_wconf 87' lang='lat' dir='ltr'><strong>non</strong></span> <span class='ocrx_word' id='word_1_1061' title='bbox 1913 3698 2045 3751; x_wconf 88' lang='lat' dir='ltr'><strong>erittibire·</strong></span> 
     </span>
     <span class='ocr_line' id='line_1_128' title="bbox 1241 3762 2046 3831; baseline 0.001 -19"><span class='ocrx_word' id='word_1_1062' title='bbox 1241 3764 1353 3812; x_wconf 82' lang='lat' dir='ltr'><strong>cerrerie</strong></span> <span class='ocrx_word' id='word_1_1063' title='bbox 1363 3765 1396 3812; x_wconf 85' lang='lat' dir='ltr'><strong>rd</strong></span> <span class='ocrx_word' id='word_1_1064' title='bbox 1407 3765 1581 3815; x_wconf 66' lang='lat' dir='ltr'><strong>cohibendum</strong></span> <span class='ocrx_word' id='word_1_1065' title='bbox 1591 3769 1669 3818; x_wconf 74' lang='lat' dir='ltr'><strong>ectio.</strong></span> <span class='ocrx_word' id='word_1_1066' title='bbox 1694 3772 1723 3818; x_wconf 84' lang='lat' dir='ltr'><strong>Si</strong></span> <span class='ocrx_word' id='word_1_1067' title='bbox 1735 3774 1824 3819; x_wconf 82' lang='lat' dir='ltr'><strong>temen</strong></span> <span class='ocrx_word' id='word_1_1068' title='bbox 1834 3771 1937 3831; x_wconf 74' lang='lat' dir='ltr'><strong>ignetur</strong></span> <span class='ocrx_word' id='word_1_1069' title='bbox 1945 3767 2010 3829; x_wconf 75' lang='lat' dir='ltr'><strong>iegrti</strong></span> <span class='ocrx_word' id='word_1_1070' title='bbox 2018 3762 2046 3810; x_wconf 82' lang='lat' dir='ltr'><strong>tui</strong></span> 
     </span>
     <span class='ocr_line' id='line_1_129' title="bbox 1240 3830 2046 3903; baseline 0.014 -25"><span class='ocrx_word' id='word_1_1071' title='bbox 1240 3846 1256 3879; x_wconf 84' lang='lat' dir='ltr'><strong>u</strong></span> <span class='ocrx_word' id='word_1_1072' title='bbox 1267 3833 1413 3880; x_wconf 82' lang='lat' dir='ltr'><strong>tructurrio</strong></span> <span class='ocrx_word' id='word_1_1073' title='bbox 1425 3834 1488 3881; x_wconf 85' lang='lat' dir='ltr'><strong>rrtir</strong></span> <span class='ocrx_word' id='word_1_1074' title='bbox 1498 3848 1552 3883; x_wconf 87' lang='lat' dir='ltr'><strong>uon</strong></span> <span class='ocrx_word' id='word_1_1075' title='bbox 1563 3839 1667 3901; x_wconf 72' lang='lat' dir='ltr'><strong>exegit,</strong></span> <span class='ocrx_word' id='word_1_1076' title='bbox 1689 3839 1753 3886; x_wconf 89' lang='lat' dir='ltr'><strong>dicit</strong></span> <span class='ocrx_word' id='word_1_1077' title='bbox 1763 3840 1916 3903; x_wconf 74' lang='lat' dir='ltr'><strong>Mucellur,</strong></span> <span class='ocrx_word' id='word_1_1078' title='bbox 1930 3847 2012 3887; x_wconf 63' lang='lat' dir='ltr'><strong>crure</strong></span> <span class='ocrx_word' id='word_1_1079' title='bbox 2023 3830 2046 3878; x_wconf 57' lang='grc' dir='ltr'><strong>ΙΙ</strong></span> 
     </span>
     <span class='ocr_line' id='line_1_130' title="bbox 1241 3901 2047 3968; baseline 0.01 -21"><span class='ocrx_word' id='word_1_1080' title='bbox 1241 3901 1429 3965; x_wconf 65' lang='lat' dir='ltr'><strong>cohibendum,</strong></span> <span class='ocrx_word' id='word_1_1081' title='bbox 1440 3902 1542 3954; x_wconf 87' lang='lat' dir='ltr'><strong>rcilicet</strong></span> <span class='ocrx_word' id='word_1_1082' title='bbox 1552 3906 1613 3962; x_wconf 81' lang='lat' dir='ltr'><strong>quir</strong></span> <span class='ocrx_word' id='word_1_1083' title='bbox 1622 3907 1711 3954; x_wconf 87' lang='lat' dir='ltr'><strong>uultur</strong></span> <span class='ocrx_word' id='word_1_1084' title='bbox 1722 3906 1801 3954; x_wconf 88' lang='lat' dir='ltr'><strong>dolur</strong></span> <span class='ocrx_word' id='word_1_1085' title='bbox 1811 3913 1851 3956; x_wconf 91' lang='lat' dir='ltr'><strong>ert</strong></span> <span class='ocrx_word' id='word_1_1086' title='bbox 1862 3923 1870 3968; x_wconf 69' lang='grc' dir='ltr'><strong>ς</strong></span> <span class='ocrx_word' id='word_1_1087' title='bbox 1881 3903 2047 3956; x_wconf 74' lang='lat' dir='ltr'><strong>roccorrerlt!</strong></span> 
     </span>
     <span class='ocr_line' id='line_1_131' title="bbox 1242 3968 2047 4029; baseline 0.017 -14"><span class='ocrx_word' id='word_1_1088' title='bbox 1242 3973 1328 4016; x_wconf 82' lang='lat' dir='ltr'><strong>tumen</strong></span> <span class='ocrx_word' id='word_1_1089' title='bbox 1348 3968 1478 4029; x_wconf 77' lang='lat' dir='ltr'><strong>legrtrrio</strong></span> <span class='ocrx_word' id='word_1_1090' title='bbox 1497 3973 1526 4020; x_wconf 90' lang='lat' dir='ltr'><strong>in</strong></span> <span class='ocrx_word' id='word_1_1091' title='bbox 1535 3973 1639 4023; x_wconf 81' lang='lat' dir='ltr'><strong>‚tectum</strong></span> <span class='ocrx_word' id='word_1_1092' title='bbox 1650 3976 1777 4024; x_wconf 79' lang='lat' dir='ltr'><strong>edverrur</strong></span> <span class='ocrx_word' id='word_1_1093' title='bbox 1788 3973 2047 4027; x_wconf 70' lang='lat' dir='ltr'><strong>hormetionorum</strong></span> 
     </span>
     <span class='ocr_line' id='line_1_132' title="bbox 1241 4037 2047 4106; baseline -0.005 -15"><span class='ocrx_word' id='word_1_1094' title='bbox 1241 4037 1288 4083; x_wconf 65' lang='lat' dir='ltr'><strong>til·</strong></span> <span class='ocrx_word' id='word_1_1095' title='bbox 1314 4040 1337 4098; x_wconf 68' lang='lat' dir='ltr'><strong>i·</strong></span> <span class='ocrx_word' id='word_1_1096' title='bbox 1351 4041 1374 4083; x_wconf 81' lang='lat'><strong>5·</strong></span> <span class='ocrx_word' id='word_1_1097' title='bbox 1386 4038 1514 4091; x_wconf 73' lang='lat' dir='ltr'><strong>Qurutum</strong></span> <span class='ocrx_word' id='word_1_1098' title='bbox 1526 4045 1614 4092; x_wconf 86' lang='lat' dir='ltr'><strong>rotem</strong></span> <span class='ocrx_word' id='word_1_1099' title='bbox 1623 4045 1656 4091; x_wconf 87' lang='lat' dir='ltr'><strong>rd</strong></span> <span class='ocrx_word' id='word_1_1100' title='bbox 1667 4044 1733 4093; x_wconf 85' lang='lat' dir='ltr'><strong>bruc</strong></span> <span class='ocrx_word' id='word_1_1101' title='bbox 1742 4046 1873 4094; x_wconf 70' lang='lat' dir='ltr'><strong>actionem</strong></span> <span class='ocrx_word' id='word_1_1102' title='bbox 1886 4046 1983 4106; x_wconf 78' lang='lat' dir='ltr'><strong>ettinet,</strong></span> <span class='ocrx_word' id='word_1_1103' title='bbox 1991 4037 2047 4088; x_wconf 84' lang='lat' dir='ltr'><strong>erli-</strong></span> 
     </span>
     <span class='ocr_line' id='line_1_133' title="bbox 1241 4105 2048 4178; baseline 0.009 -28"><span class='ocrx_word' id='word_1_1104' title='bbox 1241 4105 1300 4151; x_wconf 86' lang='lat' dir='ltr'><strong>here</strong></span> <span class='ocrx_word' id='word_1_1105' title='bbox 1317 4108 1356 4152; x_wconf 88' lang='lat' dir='ltr'><strong>ert</strong></span> <span class='ocrx_word' id='word_1_1106' title='bbox 1372 4105 1400 4151; x_wconf 91' lang='lat' dir='ltr'><strong>in</strong></span> <span class='ocrx_word' id='word_1_1107' title='bbox 1411 4107 1499 4156; x_wconf 84' lang='lat' dir='ltr'><strong>erdem</strong></span> <span class='ocrx_word' id='word_1_1108' title='bbox 1512 4123 1589 4157; x_wconf 83' lang='lat' dir='ltr'><strong>crum</strong></span> <span class='ocrx_word' id='word_1_1109' title='bbox 1598 4118 1746 4178; x_wconf 84' lang='lat' dir='ltr'><strong>prrertrre,</strong></span> <span class='ocrx_word' id='word_1_1110' title='bbox 1768 4113 1799 4161; x_wconf 90' lang='lat' dir='ltr'><strong>in</strong></span> <span class='ocrx_word' id='word_1_1111' title='bbox 1810 4127 1860 4172; x_wconf 82' lang='lat' dir='ltr'><strong>qur</strong></span> <span class='ocrx_word' id='word_1_1112' title='bbox 1869 4113 1931 4177; x_wconf 86' lang='lat' dir='ltr'><strong>tuit,</strong></span> <span class='ocrx_word' id='word_1_1113' title='bbox 1946 4106 2048 4174; x_wconf 79' lang='lat' dir='ltr'><strong>quuuit·</strong></span> 
     </span>
     <span class='ocr_line' id='line_1_134' title="bbox 1240 4172 2048 4244; baseline 0.012 -24"><span class='ocrx_word' id='word_1_1114' title='bbox 1240 4172 1335 4220; x_wconf 87' lang='lat' dir='ltr'><strong>dicium</strong></span> <span class='ocrx_word' id='word_1_1115' title='bbox 1346 4173 1521 4242; x_wconf 78' lang='lat' dir='ltr'><strong>reciperetur,</strong></span> <span class='ocrx_word' id='word_1_1116' title='bbox 1532 4181 1632 4237; x_wconf 86' lang='lat' dir='ltr'><strong>otqutr</strong></span> <span class='ocrx_word' id='word_1_1117' title='bbox 1642 4182 1743 4241; x_wconf 82' lang='lat' dir='ltr'><strong>copirm</strong></span> <span class='ocrx_word' id='word_1_1118' title='bbox 1754 4182 1795 4230; x_wconf 89' lang='lat' dir='ltr'><strong>rei</strong></span> <span class='ocrx_word' id='word_1_1119' title='bbox 1806 4183 1901 4231; x_wconf 88' lang='lat' dir='ltr'><strong>hrbeur</strong></span> <span class='ocrx_word' id='word_1_1120' title='bbox 1909 4182 1983 4244; x_wconf 90' lang='lat' dir='ltr'><strong>porrit</strong></span> <span class='ocrx_word' id='word_1_1121' title='bbox 1990 4187 2048 4225; x_wconf 71' lang='lat' dir='ltr'><strong>ew·</strong></span> 
     </span>
     <span class='ocr_line' id='line_1_135' title="bbox 1240 4240 2047 4316; baseline 0.021 -31"><span class='ocrx_word' id='word_1_1122' title='bbox 1240 4240 1283 4297; x_wconf 84' lang='lat' dir='ltr'><strong>qui</strong></span> <span class='ocrx_word' id='word_1_1123' title='bbox 1294 4240 1440 4301; x_wconf 89' lang='lat' dir='ltr'><strong>rctioucm,</strong></span> <span class='ocrx_word' id='word_1_1124' title='bbox 1460 4258 1538 4301; x_wconf 79' lang='lat' dir='ltr'><strong>quum</strong></span> <span class='ocrx_word' id='word_1_1125' title='bbox 1549 4247 1701 4311; x_wconf 85' lang='lat' dir='ltr'><strong>dertiorrit,</strong></span> <span class='ocrx_word' id='word_1_1126' title='bbox 1721 4249 1750 4296; x_wconf 92' lang='lat' dir='ltr'><strong>in</strong></span> <span class='ocrx_word' id='word_1_1127' title='bbox 1759 4251 1836 4299; x_wconf 89' lang='lat' dir='ltr'><strong>nullo</strong></span> <span class='ocrx_word' id='word_1_1128' title='bbox 1848 4264 1932 4316; x_wconf 78' lang='lat' dir='ltr'><strong>cruor,</strong></span> <span class='ocrx_word' id='word_1_1129' title='bbox 1948 4244 2047 4311; x_wconf 61' lang='lat' dir='ltr'><strong>quui*</strong></span> 
     </span>
     <span class='ocr_line' id='line_1_136' title="bbox 1241 4306 2046 4385; baseline 0.011 -34"><span class='ocrx_word' id='word_1_1130' title='bbox 1241 4306 1340 4369; x_wconf 86' lang='lat' dir='ltr'><strong>teudit,</strong></span> <span class='ocrx_word' id='word_1_1131' title='bbox 1360 4306 1441 4366; x_wconf 78' lang='lat' dir='ltr'><strong>leerr,</strong></span> <span class='ocrx_word' id='word_1_1132' title='bbox 1462 4313 1578 4368; x_wconf 83' lang='lat' dir='ltr'><strong>qururir</strong></span> <span class='ocrx_word' id='word_1_1133' title='bbox 1599 4327 1654 4361; x_wconf 84' lang='lat' dir='ltr'><strong>non</strong></span> <span class='ocrx_word' id='word_1_1134' title='bbox 1678 4318 1710 4365; x_wconf 90' lang='lat' dir='ltr'><strong>de</strong></span> <span class='ocrx_word' id='word_1_1135' title='bbox 1727 4320 1903 4385; x_wconf 85' lang='lat' dir='ltr'><strong>rertituendo,</strong></span> <span class='ocrx_word' id='word_1_1136' title='bbox 1922 4319 1962 4367; x_wconf 85' lang='lat' dir='ltr'><strong>red</strong></span> <span class='ocrx_word' id='word_1_1137' title='bbox 1976 4316 2046 4364; x_wconf 84' lang='lat' dir='ltr'><strong>deer-</strong></span> 
     </span>
     <span class='ocr_line' id='line_1_137' title="bbox 1239 4376 2046 4449; baseline 0.014 -28"><span class='ocrx_word' id='word_1_1138' title='bbox 1239 4376 1352 4424; x_wconf 87' lang='lat' dir='ltr'><strong>hibeudo</strong></span> <span class='ocrx_word' id='word_1_1139' title='bbox 1372 4383 1473 4437; x_wconf 77' lang='lat' dir='ltr'><strong>egetur.</strong></span> <span class='ocrx_word' id='word_1_1140' title='bbox 1507 4382 1532 4441; x_wconf 88' lang='grc'><strong>5.</strong></span> <span class='ocrx_word' id='word_1_1141' title='bbox 1545 4386 1568 4430; x_wconf 82' lang='lat' dir='ltr'><strong>t.</strong></span> <span class='ocrx_word' id='word_1_1142' title='bbox 1589 4385 1706 4434; x_wconf 84' lang='lat' dir='ltr'><strong>Proinde</strong></span> <span class='ocrx_word' id='word_1_1143' title='bbox 1722 4387 1745 4434; x_wconf 88' lang='lat' dir='ltr'><strong>ri</strong></span> <span class='ocrx_word' id='word_1_1144' title='bbox 1756 4393 1817 4449; x_wconf 91' lang='lat' dir='ltr'><strong>port</strong></span> <span class='ocrx_word' id='word_1_1145' title='bbox 1826 4388 1900 4436; x_wconf 86' lang='lat' dir='ltr'><strong>litem</strong></span> <span class='ocrx_word' id='word_1_1146' title='bbox 1910 4386 2046 4436; x_wconf 71' lang='lat' dir='ltr'><strong>contertrltfl</strong></span> 
     </span>
     <span class='ocr_line' id='line_1_138' title="bbox 1239 4447 2047 4519; baseline 0.014 -29"><span class='ocrx_word' id='word_1_1147' title='bbox 1239 4449 1391 4505; x_wconf 88' lang='lat' dir='ltr'><strong>urucrptum</strong></span> <span class='ocrx_word' id='word_1_1148' title='bbox 1401 4447 1540 4514; x_wconf 74' lang='lat' dir='ltr'><strong>exhiberi,</strong></span> <span class='ocrx_word' id='word_1_1149' title='bbox 1561 4465 1616 4501; x_wconf 88' lang='lat' dir='ltr'><strong>non</strong></span> <span class='ocrx_word' id='word_1_1150' title='bbox 1627 4455 1731 4502; x_wconf 86' lang='lat' dir='ltr'><strong>ridetur</strong></span> <span class='ocrx_word' id='word_1_1151' title='bbox 1741 4456 1905 4519; x_wconf 79' lang='lat' dir='ltr'><strong>exhibnirre,</strong></span> <span class='ocrx_word' id='word_1_1152' title='bbox 1924 4468 1989 4516; x_wconf 85' lang='lat' dir='ltr'><strong>quun</strong></span> <span class='ocrx_word' id='word_1_1153' title='bbox 1997 4448 2047 4512; x_wconf 76' lang='lat' dir='ltr'><strong>peli-</strong></span> 
     </span>
     <span class='ocr_line' id='line_1_139' title="bbox 1240 4513 2117 4587; baseline 0.011 -28"><span class='ocrx_word' id='word_1_1154' title='bbox 1240 4516 1282 4560; x_wconf 91' lang='lat' dir='ltr'><strong>tor</strong></span> <span class='ocrx_word' id='word_1_1155' title='bbox 1293 4513 1468 4563; x_wconf 87' lang='lat' dir='ltr'><strong>intentionem</strong></span> <span class='ocrx_word' id='word_1_1156' title='bbox 1479 4529 1549 4566; x_wconf 88' lang='lat' dir='ltr'><strong>rurur</strong></span> <span class='ocrx_word' id='word_1_1157' title='bbox 1559 4522 1718 4587; x_wconf 84' lang='lat' dir='ltr'><strong>perdiderit,</strong></span> <span class='ocrx_word' id='word_1_1158' title='bbox 1738 4530 1765 4572; x_wconf 91' lang='lat' dir='ltr'><strong>et</strong></span> <span class='ocrx_word' id='word_1_1159' title='bbox 1775 4526 1834 4572; x_wconf 87' lang='lat' dir='ltr'><strong>ideo</strong></span> <span class='ocrx_word' id='word_1_1160' title='bbox 1846 4524 1942 4572; x_wconf 83' lang='lat' dir='ltr'><strong>rbrolrt</strong></span> <span class='ocrx_word' id='word_1_1161' title='bbox 1951 4529 2046 4571; x_wconf 70' lang='lat' dir='ltr'><strong>corruet</strong></span> <span class='ocrx_word' id='word_1_1162' title='bbox 2116 4548 2117 4563; x_wconf 75' lang='lat'><strong>.</strong></span> 
     </span>
     <span class='ocr_line' id='line_1_140' title="bbox 1239 4582 2046 4653; baseline 0.009 -23"><span class='ocrx_word' id='word_1_1163' title='bbox 1239 4586 1358 4645; x_wconf 85' lang='lat' dir='ltr'><strong>oportet,</strong></span> <span class='ocrx_word' id='word_1_1164' title='bbox 1380 4582 1433 4629; x_wconf 89' lang='lat' dir='ltr'><strong>niri</strong></span> <span class='ocrx_word' id='word_1_1165' title='bbox 1443 4591 1547 4643; x_wconf 79' lang='lat' dir='ltr'><strong>perator</strong></span> <span class='ocrx_word' id='word_1_1166' title='bbox 1559 4588 1594 4639; x_wconf 90' lang='lat' dir='ltr'><strong>rit</strong></span> <span class='ocrx_word' id='word_1_1167' title='bbox 1604 4591 1717 4653; x_wconf 77' lang='lat' dir='ltr'><strong>repetite</strong></span> <span class='ocrx_word' id='word_1_1168' title='bbox 1726 4592 1770 4640; x_wconf 88' lang='lat' dir='ltr'><strong>die</strong></span> <span class='ocrx_word' id='word_1_1169' title='bbox 1779 4593 1948 4641; x_wconf 84' lang='lat' dir='ltr'><strong>intentionem</strong></span> <span class='ocrx_word' id='word_1_1170' title='bbox 1957 4587 2046 4645; x_wconf 78' lang='lat' dir='ltr'><strong>rudpe-</strong></span> 
     </span>
     <span class='ocr_line' id='line_1_141' title="bbox 1238 4649 2048 4721; baseline 0.015 -25"><span class='ocrx_word' id='word_1_1171' title='bbox 1238 4664 1282 4713; x_wconf 89' lang='lat' dir='ltr'><strong>re,</strong></span> <span class='ocrx_word' id='word_1_1172' title='bbox 1303 4649 1339 4697; x_wconf 82' lang='lat' dir='ltr'><strong>itu</strong></span> <span class='ocrx_word' id='word_1_1173' title='bbox 1349 4653 1379 4698; x_wconf 90' lang='lat' dir='ltr'><strong>ut</strong></span> <span class='ocrx_word' id='word_1_1174' title='bbox 1389 4652 1491 4699; x_wconf 79' lang='lat' dir='ltr'><strong>fructur</strong></span> <span class='ocrx_word' id='word_1_1175' title='bbox 1501 4659 1639 4707; x_wconf 84' lang='lat' dir='ltr'><strong>recuudum</strong></span> <span class='ocrx_word' id='word_1_1176' title='bbox 1649 4660 1733 4720; x_wconf 72' lang='lat' dir='ltr'><strong>legem</strong></span> <span class='ocrx_word' id='word_1_1177' title='bbox 1743 4662 1920 4710; x_wconf 82' lang='lat' dir='ltr'><strong>rertimentur.</strong></span> <span class='ocrx_word' id='word_1_1178' title='bbox 1936 4662 1958 4721; x_wconf 87' lang='grc'><strong>5.</strong></span> <span class='ocrx_word' id='word_1_1179' title='bbox 1967 4651 2048 4708; x_wconf 63' lang='grc' dir='ltr'><strong>1.οώ</strong></span> 
     </span>
     <span class='ocr_line' id='line_1_142' title="bbox 1239 4722 2046 4791; baseline 0.011 -28"><span class='ocrx_word' id='word_1_1180' title='bbox 1239 4722 1325 4765; x_wconf 80' lang='lat' dir='ltr'><strong>tumen</strong></span> <span class='ocrx_word' id='word_1_1181' title='bbox 1347 4731 1425 4767; x_wconf 89' lang='lat' dir='ltr'><strong>crurr</strong></span> <span class='ocrx_word' id='word_1_1182' title='bbox 1444 4722 1553 4780; x_wconf 90' lang='lat' dir='ltr'><strong>petitori</strong></span> <span class='ocrx_word' id='word_1_1183' title='bbox 1569 4726 1597 4773; x_wconf 88' lang='lat' dir='ltr'><strong>iu</strong></span> <span class='ocrx_word' id='word_1_1184' title='bbox 1608 4728 1656 4775; x_wconf 87' lang='lat' dir='ltr'><strong>hrc</strong></span> <span class='ocrx_word' id='word_1_1185' title='bbox 1666 4728 1770 4778; x_wconf 86' lang='lat' dir='ltr'><strong>rctioue</strong></span> <span class='ocrx_word' id='word_1_1186' title='bbox 1780 4730 1941 4791; x_wconf 88' lang='lat' dir='ltr'><strong>rertituitor,</strong></span> <span class='ocrx_word' id='word_1_1187' title='bbox 1959 4723 2046 4772; x_wconf 73' lang='lat' dir='ltr'><strong>Srbirtt</strong></span> 
     </span>
     <span class='ocr_line' id='line_1_143' title="bbox 1238 4787 2046 4860; baseline 0.017 -24"><span class='ocrx_word' id='word_1_1188' title='bbox 1238 4787 1355 4850; x_wconf 76' lang='lat' dir='ltr'><strong>putruit,</strong></span> <span class='ocrx_word' id='word_1_1189' title='bbox 1376 4791 1478 4847; x_wconf 74' lang='lat' dir='ltr'><strong>portum</strong></span> <span class='ocrx_word' id='word_1_1190' title='bbox 1487 4795 1804 4860; x_wconf 85' lang='lat' dir='ltr'><strong>quoquerertitueodum,</strong></span> <span class='ocrx_word' id='word_1_1191' title='bbox 1817 4798 1872 4848; x_wconf 86' lang='lat' dir='ltr'><strong>rire</strong></span> <span class='ocrx_word' id='word_1_1192' title='bbox 1882 4789 2046 4858; x_wconf 68' lang='lat' dir='ltr'><strong>pnetm&#39;f&#39;·</strong></span> 
     </span>
     <span class='ocr_line' id='line_1_144' title="bbox 1238 4855 2047 4926; baseline 0.011 -23"><span class='ocrx_word' id='word_1_1193' title='bbox 1238 4855 1290 4903; x_wconf 91' lang='lat' dir='ltr'><strong>erit</strong></span> <span class='ocrx_word' id='word_1_1194' title='bbox 1308 4856 1422 4920; x_wconf 87' lang='lat' dir='ltr'><strong>mulier,</strong></span> <span class='ocrx_word' id='word_1_1195' title='bbox 1442 4857 1497 4908; x_wconf 84' lang='lat' dir='ltr'><strong>rire</strong></span> <span class='ocrx_word' id='word_1_1196' title='bbox 1512 4866 1777 4926; x_wconf 82' lang='lat' dir='ltr'><strong>porterconceperit;</strong></span> <span class='ocrx_word' id='word_1_1197' title='bbox 1799 4881 1874 4925; x_wconf 78' lang='lat' dir='ltr'><strong>quum</strong></span> <span class='ocrx_word' id='word_1_1198' title='bbox 1883 4856 2047 4914; x_wconf 68' lang='lat' dir='ltr'><strong>muuutirutl</strong></span> 
     </span>
     <span class='ocr_line' id='line_1_145' title="bbox 1238 4923 2046 5001; baseline 0.02 -31"><span class='ocrx_word' id='word_1_1199' title='bbox 1238 4923 1396 4984; x_wconf 83' lang='lat' dir='ltr'><strong>Pomponiur</strong></span> <span class='ocrx_word' id='word_1_1200' title='bbox 1416 4926 1518 4985; x_wconf 82' lang='lat' dir='ltr'><strong>probet.</strong></span> <span class='ocrx_word' id='word_1_1201' title='bbox 1554 4933 1615 4992; x_wconf 75' lang='grc'><strong>58.</strong></span> <span class='ocrx_word' id='word_1_1202' title='bbox 1637 4932 1776 4982; x_wconf 84' lang='lat' dir='ltr'><strong>Prreterer</strong></span> <span class='ocrx_word' id='word_1_1203' title='bbox 1795 4935 1936 4995; x_wconf 71' lang='lat' dir='ltr'><strong>utilitum,</strong></span> <span class='ocrx_word' id='word_1_1204' title='bbox 1962 4930 2046 5001; x_wconf 59' lang='lat' dir='ltr'><strong>itm}</strong></span> 
     </span>
     <span class='ocr_line' id='line_1_146' title="bbox 1238 4991 2116 5066; baseline 0.008 -28"><span class='ocrx_word' id='word_1_1205' title='bbox 1238 4991 1348 5039; x_wconf 83' lang='lat' dir='ltr'><strong>rmirrre</strong></span> <span class='ocrx_word' id='word_1_1206' title='bbox 1358 4994 1419 5041; x_wconf 81' lang='lat' dir='ltr'><strong>burt</strong></span> <span class='ocrx_word' id='word_1_1207' title='bbox 1430 4995 1462 5042; x_wconf 95' lang='lat' dir='ltr'><strong>ob</strong></span> <span class='ocrx_word' id='word_1_1208' title='bbox 1473 4996 1536 5062; x_wconf 93' lang='lat' dir='ltr'><strong>boc,</strong></span> <span class='ocrx_word' id='word_1_1209' title='bbox 1547 5000 1616 5057; x_wconf 78' lang='lat' dir='ltr'><strong>quod</strong></span> <span class='ocrx_word' id='word_1_1210' title='bbox 1626 5012 1681 5048; x_wconf 85' lang='lat' dir='ltr'><strong>non</strong></span> <span class='ocrx_word' id='word_1_1211' title='bbox 1691 5002 1844 5066; x_wconf 80' lang='lat' dir='ltr'><strong>exhibetur,</strong></span> <span class='ocrx_word' id='word_1_1212' title='bbox 1855 5003 1897 5051; x_wconf 81' lang='lat' dir='ltr'><strong>vel</strong></span> <span class='ocrx_word' id='word_1_1213' title='bbox 1907 4999 1994 5048; x_wconf 81' lang='lat' dir='ltr'><strong>trrdiur</strong></span> <span class='ocrx_word' id='word_1_1214' title='bbox 2002 5005 2045 5054; x_wconf 71' lang='lat' dir='ltr'><strong>etl·</strong></span> <span class='ocrx_word' id='word_1_1215' title='bbox 2115 5010 2116 5021; x_wconf 61' lang='lat'>¹</span> 
     </span>
     <span class='ocr_line' id='line_1_147' title="bbox 1238 5061 2046 5128; baseline 0.006 -20"><span class='ocrx_word' id='word_1_1216' title='bbox 1238 5061 1296 5109; x_wconf 89' lang='lat' dir='ltr'><strong>dem</strong></span> <span class='ocrx_word' id='word_1_1217' title='bbox 1317 5061 1470 5128; x_wconf 83' lang='lat' dir='ltr'><strong>exhibetur,</strong></span> <span class='ocrx_word' id='word_1_1218' title='bbox 1491 5067 1667 5118; x_wconf 83' lang='lat' dir='ltr'><strong>uertimrudre</strong></span> <span class='ocrx_word' id='word_1_1219' title='bbox 1682 5069 1795 5118; x_wconf 83' lang='lat' dir='ltr'><strong>uindice</strong></span> <span class='ocrx_word' id='word_1_1220' title='bbox 1804 5073 1873 5119; x_wconf 89' lang='lat' dir='ltr'><strong>ruut.</strong></span> <span class='ocrx_word' id='word_1_1221' title='bbox 1907 5067 1998 5116; x_wconf 81' lang='lat' dir='ltr'><strong>litideo</strong></span> <span class='ocrx_word' id='word_1_1222' title='bbox 2006 5061 2046 5109; x_wconf 61' lang='grc' dir='ltr'><strong>Νῦ-</strong></span> 
     </span>
     <span class='ocr_line' id='line_1_148' title="bbox 1238 5128 2045 5207; baseline 0 -26"><span class='ocrx_word' id='word_1_1223' title='bbox 1238 5130 1321 5177; x_wconf 71' lang='lat' dir='ltr'><strong>ratiu·</strong></span> <span class='ocrx_word' id='word_1_1224' title='bbox 1332 5128 1384 5182; x_wconf 70' lang='lat' dir='ltr'><strong>rit:</strong></span> <span class='ocrx_word' id='word_1_1225' title='bbox 1396 5132 1537 5184; x_wconf 87' lang='lat' dir='ltr'><strong>utilitrtem</strong></span> <span class='ocrx_word' id='word_1_1226' title='bbox 1547 5137 1645 5186; x_wconf 85' lang='lat' dir='ltr'><strong>retorir</strong></span> <span class='ocrx_word' id='word_1_1227' title='bbox 1655 5137 1748 5187; x_wconf 80' lang='lat' dir='ltr'><strong>uenire</strong></span> <span class='ocrx_word' id='word_1_1228' title='bbox 1756 5138 1784 5185; x_wconf 89' lang='lat' dir='ltr'><strong>in</strong></span> <span class='ocrx_word' id='word_1_1229' title='bbox 1794 5137 1996 5194; x_wconf 81' lang='lat' dir='ltr'><strong>rertimrtioueu,</strong></span> <span class='ocrx_word' id='word_1_1230' title='bbox 2004 5138 2045 5207; x_wconf 45' lang='lat' dir='ltr'><strong>tt,¹</strong></span> 
     </span>
     <span class='ocr_line' id='line_1_149' title="bbox 1238 5197 2045 5273; baseline 0.015 -28"><span class='ocrx_word' id='word_1_1231' title='bbox 1238 5197 1330 5260; x_wconf 85' lang='lat' dir='ltr'><strong>quruti</strong></span> <span class='ocrx_word' id='word_1_1232' title='bbox 1350 5212 1392 5247; x_wconf 92' lang='lat' dir='ltr'><strong>rer</strong></span> <span class='ocrx_word' id='word_1_1233' title='bbox 1413 5201 1463 5260; x_wconf 89' lang='lat' dir='ltr'><strong>rit;</strong></span> <span class='ocrx_word' id='word_1_1234' title='bbox 1486 5218 1556 5265; x_wconf 78' lang='lat' dir='ltr'><strong>quae</strong></span> <span class='ocrx_word' id='word_1_1235' title='bbox 1569 5208 1689 5266; x_wconf 80' lang='lat' dir='ltr'><strong>rtr&#39;titrr,</strong></span> <span class='ocrx_word' id='word_1_1236' title='bbox 1709 5206 1950 5273; x_wconf 61' lang='lat' dir='ltr'><strong>iuquitgye‘rterdrrr</strong></span> <span class='ocrx_word' id='word_1_1237' title='bbox 1962 5201 2045 5250; x_wconf 59' lang='grc' dir='ltr'><strong>Μ*</strong></span> 
     </span>
     <span class='ocr_line' id='line_1_150' title="bbox 1239 5269 1754 5330; baseline 0.014 -17"><span class='ocrx_word' id='word_1_1238' title='bbox 1239 5269 1308 5325; x_wconf 82' lang='lat' dir='ltr'><strong>erit,</strong></span> <span class='ocrx_word' id='word_1_1239' title='bbox 1329 5282 1460 5330; x_wconf 75' lang='lat' dir='ltr'><strong>quererer</strong></span> <span class='ocrx_word' id='word_1_1240' title='bbox 1471 5274 1530 5319; x_wconf 85' lang='lat' dir='ltr'><strong>erit.</strong></span> <span class='ocrx_word' id='word_1_1241' title='bbox 1746 5287 1754 5297; x_wconf 93' lang='lat'>·</span> 
     </span>
    </p>

    <p class='ocr_par' dir='ltr' id='par_1_7' title="bbox 1236 5331 2044 5674">
     <span class='ocr_line' id='line_1_151' title="bbox 1287 5331 2044 5400; baseline 0.004 -16"><span class='ocrx_word' id='word_1_1242' title='bbox 1287 5332 1321 5382; x_wconf 81' lang='lat' dir='ltr'><strong>X.</strong></span> <span class='ocrx_word' id='word_1_1243' title='bbox 1340 5336 1470 5387; x_wconf 75' lang='lat' dir='ltr'><strong>Paretur</strong></span> <span class='ocrx_word' id='word_1_1244' title='bbox 1485 5341 1554 5390; x_wconf 71' lang='lat' dir='ltr'><strong>tetro</strong></span> <span class='ocrx_word' id='word_1_1245' title='bbox 1566 5340 1847 5392; x_wconf 72' lang='lat' dir='ltr'><strong>XXVLodEriietrrt.</strong></span> <span class='ocrx_word' id='word_1_1246' title='bbox 1873 5331 2044 5400; x_wconf 66' lang='lat' dir='ltr'><strong>Sioptiontil·</strong></span> 
     </span>
     <span class='ocr_line' id='line_1_152' title="bbox 1237 5404 2044 5474; baseline 0.004 -24"><span class='ocrx_word' id='word_1_1247' title='bbox 1237 5405 1278 5451; x_wconf 87' lang='lat' dir='ltr'><strong>trr</strong></span> <span class='ocrx_word' id='word_1_1248' title='bbox 1289 5406 1388 5453; x_wconf 88' lang='lat' dir='ltr'><strong>certum</strong></span> <span class='ocrx_word' id='word_1_1249' title='bbox 1399 5409 1498 5467; x_wconf 84' lang='lat' dir='ltr'><strong>tempur</strong></span> <span class='ocrx_word' id='word_1_1250' title='bbox 1508 5409 1582 5474; x_wconf 89' lang='lat' dir='ltr'><strong>drtr,</strong></span> <span class='ocrx_word' id='word_1_1251' title='bbox 1603 5410 1728 5460; x_wconf 85' lang='lat' dir='ltr'><strong>iudicium</strong></span> <span class='ocrx_word' id='word_1_1252' title='bbox 1739 5410 1766 5459; x_wconf 89' lang='lat' dir='ltr'><strong>in</strong></span> <span class='ocrx_word' id='word_1_1253' title='bbox 1777 5410 1804 5458; x_wconf 91' lang='lat' dir='ltr'><strong>id</strong></span> <span class='ocrx_word' id='word_1_1254' title='bbox 1813 5413 1910 5471; x_wconf 82' lang='lat' dir='ltr'><strong>tempor</strong></span> <span class='ocrx_word' id='word_1_1255' title='bbox 1925 5404 2044 5456; x_wconf 68' lang='lat' dir='ltr'><strong>ermen</strong></span> 
     </span>
     <span class='ocr_line' id='line_1_153' title="bbox 1238 5472 2043 5544; baseline 0.006 -24"><span class='ocrx_word' id='word_1_1256' title='bbox 1238 5476 1292 5535; x_wconf 87' lang='lat' dir='ltr'><strong>ert,</strong></span> <span class='ocrx_word' id='word_1_1257' title='bbox 1304 5486 1355 5534; x_wconf 84' lang='lat' dir='ltr'><strong>quo</strong></span> <span class='ocrx_word' id='word_1_1258' title='bbox 1366 5475 1465 5523; x_wconf 85' lang='lat' dir='ltr'><strong>trurtrr</strong></span> <span class='ocrx_word' id='word_1_1259' title='bbox 1475 5477 1638 5544; x_wconf 82' lang='lat' dir='ltr'><strong>exbibertur,</strong></span> <span class='ocrx_word' id='word_1_1260' title='bbox 1648 5479 1751 5528; x_wconf 78' lang='lat' dir='ltr'><strong>utiliter</strong></span> <span class='ocrx_word' id='word_1_1261' title='bbox 1761 5478 1881 5541; x_wconf 87' lang='lat' dir='ltr'><strong>petitorir</strong></span> <span class='ocrx_word' id='word_1_1262' title='bbox 1890 5472 2043 5527; x_wconf 63' lang='lat' dir='ltr'><strong>ormnem·</strong></span> 
     </span>
     <span class='ocr_line' id='line_1_154' title="bbox 1237 5540 2043 5613; baseline 0.005 -25"><span class='ocrx_word' id='word_1_1263' title='bbox 1237 5541 1336 5596; x_wconf 73' lang='lat' dir='ltr'><strong>Quodri</strong></span> <span class='ocrx_word' id='word_1_1264' title='bbox 1346 5558 1392 5605; x_wconf 91' lang='lat' dir='ltr'><strong>per</strong></span> <span class='ocrx_word' id='word_1_1265' title='bbox 1402 5543 1527 5597; x_wconf 84' lang='lat' dir='ltr'><strong>heredem</strong></span> <span class='ocrx_word' id='word_1_1266' title='bbox 1532 5560 1587 5595; x_wconf 88' lang='lat' dir='ltr'><strong>uon</strong></span> <span class='ocrx_word' id='word_1_1267' title='bbox 1598 5547 1682 5613; x_wconf 90' lang='lat' dir='ltr'><strong>rtetit,</strong></span> <span class='ocrx_word' id='word_1_1268' title='bbox 1703 5562 1754 5610; x_wconf 85' lang='lat' dir='ltr'><strong>quo</strong></span> <span class='ocrx_word' id='word_1_1269' title='bbox 1766 5546 1852 5596; x_wconf 80' lang='lat' dir='ltr'><strong>minue</strong></span> <span class='ocrx_word' id='word_1_1270' title='bbox 1862 5543 1984 5595; x_wconf 84' lang='lat' dir='ltr'><strong>exhiberet</strong></span> <span class='ocrx_word' id='word_1_1271' title='bbox 1993 5540 2043 5587; x_wconf 69' lang='lat' dir='ltr'><strong>lt*</strong></span> 
     </span>
     <span class='ocr_line' id='line_1_155' title="bbox 1236 5611 1907 5674; baseline 0.001 -14"><span class='ocrx_word' id='word_1_1272' title='bbox 1236 5626 1300 5672; x_wconf 89' lang='lat' dir='ltr'><strong>pore</strong></span> <span class='ocrx_word' id='word_1_1273' title='bbox 1310 5611 1401 5659; x_wconf 86' lang='lat' dir='ltr'><strong>iudicii</strong></span> <span class='ocrx_word' id='word_1_1274' title='bbox 1412 5612 1573 5674; x_wconf 78' lang='lat' dir='ltr'><strong>occipiendi.</strong></span> <span class='ocrx_word' id='word_1_1275' title='bbox 1591 5617 1764 5666; x_wconf 78' lang='lat' dir='ltr'><strong>ebrotreudur</strong></span> <span class='ocrx_word' id='word_1_1276' title='bbox 1775 5618 1815 5666; x_wconf 89' lang='lat' dir='ltr'><strong>ert</strong></span> <span class='ocrx_word' id='word_1_1277' title='bbox 1825 5615 1907 5663; x_wconf 82' lang='lat' dir='ltr'><strong>herer.</strong></span> 
     </span>
    </p>

    <p class='ocr_par' dir='ltr' id='par_1_8' title="bbox 1285 5662 2044 5743">
     <span class='ocr_line' id='line_1_156' title="bbox 1285 5662 2044 5743; baseline 0.003 -16"><span class='ocrx_word' id='word_1_1278' title='bbox 1285 5680 1331 5728; x_wconf 59' lang='lat' dir='ltr'><strong>nr.</strong></span> <span class='ocrx_word' id='word_1_1279' title='bbox 1354 5682 1524 5743; x_wconf 66' lang='lat' dir='ltr'><strong>mptum</strong></span> <span class='ocrx_word' id='word_1_1280' title='bbox 1541 5686 1609 5734; x_wconf 77' lang='lat' dir='ltr'><strong>curo</strong></span> <span class='ocrx_word' id='word_1_1281' title='bbox 1622 5685 1733 5735; x_wconf 74' lang='lat' dir='ltr'><strong>xxrr.</strong></span> <span class='ocrx_word' id='word_1_1282' title='bbox 1746 5683 1919 5734; x_wconf 65' lang='lat' dir='ltr'><strong>muter-r.</strong></span> <span class='ocrx_word' id='word_1_1283' title='bbox 1946 5662 2044 5724; x_wconf 63' lang='lat' dir='ltr'><strong>sueti</strong></span> 
     </span>
    </p>
   </div>
   <div class='ocr_carea' id='block_1_5' title="bbox 342 5740 2046 5883">
    <p class='ocr_par' dir='ltr' id='par_1_9' title="bbox 342 5740 2046 5883">
     <span class='ocr_line' id='line_1_157' title="bbox 342 5740 2046 5820; baseline -0.001 -26"><span class='ocrx_word' id='word_1_1284' title='bbox 342 5747 454 5810; x_wconf 86' lang='lat' dir='ltr'><strong>pouiur,</strong></span> <span class='ocrx_word' id='word_1_1285' title='bbox 471 5749 740 5815; x_wconf 62' lang='lat' dir='ltr'><strong>quodmmprtetrr,</strong></span> <span class='ocrx_word' id='word_1_1286' title='bbox 761 5763 870 5797; x_wconf 77' lang='lat' dir='ltr'><strong>cernor</strong></span> <span class='ocrx_word' id='word_1_1287' title='bbox 887 5751 978 5798; x_wconf 76' lang='lat' dir='ltr'><strong>rtatim</strong></span> <span class='ocrx_word' id='word_1_1288' title='bbox 988 5752 1120 5809; x_wconf 80' lang='lat' dir='ltr'><strong>rertirrr&#39;t,</strong></span> <span class='ocrx_word' id='word_1_1289' title='bbox 1139 5751 1186 5799; x_wconf 82' lang='lat' dir='ltr'><strong>red</strong></span> <span class='ocrx_word' id='word_1_1290' title='bbox 1235 5750 1363 5800; x_wconf 84' lang='lat' dir='ltr'><strong>bereditrr</strong></span> <span class='ocrx_word' id='word_1_1291' title='bbox 1381 5753 1476 5800; x_wconf 83' lang='lat' dir='ltr'><strong>rmirre</strong></span> <span class='ocrx_word' id='word_1_1292' title='bbox 1490 5754 1526 5801; x_wconf 90' lang='lat' dir='ltr'><strong>rit</strong></span> <span class='ocrx_word' id='word_1_1293' title='bbox 1536 5755 1640 5820; x_wconf 85' lang='lat' dir='ltr'><strong>obhoc,</strong></span> <span class='ocrx_word' id='word_1_1294' title='bbox 1661 5755 1730 5815; x_wconf 85' lang='lat' dir='ltr'><strong>quod</strong></span> <span class='ocrx_word' id='word_1_1295' title='bbox 1741 5740 2046 5803; x_wconf 68' lang='lat' dir='ltr'><strong>rerruruorexhibetlssr</strong></span> 
     </span>
     <span class='ocr_line' id='line_1_158' title="bbox 342 5811 1980 5883; baseline -0.002 -14"><span class='ocrx_word' id='word_1_1296' title='bbox 342 5828 437 5869; x_wconf 68' lang='lat' dir='ltr'><strong>wrm</strong></span> <span class='ocrx_word' id='word_1_1297' title='bbox 447 5823 488 5864; x_wconf 85' lang='lat' dir='ltr'><strong>ert</strong></span> <span class='ocrx_word' id='word_1_1298' title='bbox 496 5831 580 5867; x_wconf 80' lang='lat' dir='ltr'><strong>recrrr</strong></span> <span class='ocrx_word' id='word_1_1299' title='bbox 588 5822 659 5869; x_wconf 75' lang='lat' dir='ltr'><strong>litem</strong></span> <span class='ocrx_word' id='word_1_1300' title='bbox 670 5818 825 5870; x_wconf 81' lang='lat' dir='ltr'><strong>eontertrrr‘.</strong></span> <span class='ocrx_word' id='word_1_1301' title='bbox 861 5820 886 5880; x_wconf 89' lang='grc'><strong>5.</strong></span> <span class='ocrx_word' id='word_1_1302' title='bbox 899 5823 923 5867; x_wconf 87' lang='grc'><strong>6.</strong></span> <span class='ocrx_word' id='word_1_1303' title='bbox 943 5818 1014 5866; x_wconf 87' lang='lat' dir='ltr'><strong>idem</strong></span> <span class='ocrx_word' id='word_1_1304' title='bbox 1035 5820 1139 5868; x_wconf 87' lang='lat' dir='ltr'><strong>rcribit:</strong></span> <span class='ocrx_word' id='word_1_1305' title='bbox 1160 5818 1182 5866; x_wconf 92' lang='lat' dir='ltr'><strong>ri</strong></span> <span class='ocrx_word' id='word_1_1306' title='bbox 1235 5819 1417 5882; x_wconf 80' lang='lat' dir='ltr'><strong>requierimum</strong></span> <span class='ocrx_word' id='word_1_1307' title='bbox 1427 5825 1481 5883; x_wconf 88' lang='lat' dir='ltr'><strong>ert,</strong></span> <span class='ocrx_word' id='word_1_1308' title='bbox 1497 5824 1628 5874; x_wconf 87' lang='lat' dir='ltr'><strong>rertimrri</strong></span> <span class='ocrx_word' id='word_1_1309' title='bbox 1638 5824 1724 5874; x_wconf 80' lang='lat' dir='ltr'><strong>obicio</strong></span> <span class='ocrx_word' id='word_1_1310' title='bbox 1734 5820 1836 5872; x_wconf 74' lang='lat' dir='ltr'><strong>iudicio</strong></span> <span class='ocrx_word' id='word_1_1311' title='bbox 1846 5811 1980 5867; x_wconf 75' lang='lat' dir='ltr'><strong>ormont</strong></span> 
     </span>
    </p>
   </div>
   <div class='ocr_carea' id='block_1_6' title="bbox 0 0 2172 6437">
    <p class='ocr_par' dir='ltr' id='par_1_10' title="bbox 0 0 2172 6437">
     <span class='ocr_line' id='line_1_159' title="bbox 0 0 2172 6437; baseline 0 0"><span class='ocrx_word' id='word_1_1312' title='bbox 0 0 2172 6437; x_wconf 95' lang='lat' dir='ltr'><strong> </strong></span> 
     </span>
    </p>
   </div>
  </div>
 </body>
</html>
