4314 6436
307 296 392 403 Ι420
647 294 730 393 DlG.
759 338 874 393 xxxi.
904 338 928 392 1.
975 339 1031 392 DE
1067 333 1255 392 LEGleS
1292 333 1347 387 ET
1383 335 1764 395 risulcumossssts.

334 487 478 549 legaverat,
499 498 580 545 usque
601 484 633 530 ad
653 482 822 543 quantitatem
842 481 923 540 legati
936 470 1008 527 'onus
1029 480 1105 527 buius
1118 478 1187 526 aeris
1223 476 1283 537 quia
1296 479 1401 536 rogatus
1412 491 1465 524 non
1477 480 1530 540 est;
1541 481 1630 540 itaque
1640 480 1716 528 utilis
1727 481 1798 532 actio
1808 485 1858 532 hoe
1868 498 1930 535 casu
1941 495 2056 561 competit,

335 554 570 611 ,q„„igu.ri11efe,
592 553 693 609 reliqua
708 556 781 608 purte
795 550 863 595 dotis
880 552 911 596 ab
927 549 1063 595 heredibus
1075 550 1098 596 ei
1111 561 1186 608 prae·
1224 551 1251 590 ut
1264 546 1296 602 is,
1307 548 1339 591 ad
1350 559 1420 602 quern
1429 549 1630 596 enrulumeutum
1638 551 1790 599 hereditatis
1797 556 1957 620 pervenerit,
1966 562 2056 611 studet.

334 625 435 670 stende.
471 624 493 680 ξ.
510 625 530 667 l.
553 621 649 666 Eadem
662 620 739 665 erunt
752 618 867 679 dicenda,
886 619 907 663 si
920 617 994 664 berea
1006 616 1128 663 instituta
1138 629 1186 675 pro
1222 614 1385 660 commissum
1397 623 1530 673 praestare
1542 618 1721 677 compellatur.

334 690 520 738 doteomiscrit
532 688 710 747 hereditatem,
722 688 750 731 ut
763 687 790 732 in
800 686 968 731 substitutum
979 686 1047 732 actio
1060 686 1148 742 detur3
1161 688 1186 730 et
1270 682 1361 728 Llllll.
1383 685 1619 732 Callistratus
1631 687 1697 733 libro
1708 686 1757 734 IV.
1772 688 1864 736 Edicts'
1871 694 2010 743 mundarit.
2033 700 2056 745 Si

333 761 383 806 hoc
395 772 482 804 rerum
494 760 541 804 cst.
564 758 586 815 ξ.
599 760 623 801 2.
636 756 687 801 Sed
699 756 729 801 de
740 755 834 812 legatis
846 759 872 801 et
883 753 949 813 legis
960 753 1093 800 Falcidiae
1104 754 1185 799 ratio.
1221 749 1296 796 heres
1311 764 1365 797 rem
1383 750 1495 809 legatam
1508 751 1632 811 ignorans
1648 754 1677 801 in
1688 755 1766 803 funus
1776 760 1938 821 consumsit,
1956 763 1986 809 ad
1995 767 2057 812 exhi·

333 842 367 873 ne
379 826 446 873 belle
459 825 600 881 dubitatur,
621 829 706 869 utrum
718 824 747 883 is,
759 822 787 867 in
799 836 874 880 quem
884 823 969 868 solum
980 821 1049 867 dotis
1061 823 1129 869 actio
1141 823 1185 867 da·
1223 818 1333 864 bendum
1344 820 1447 865 actione
1460 832 1513 865 uon
1525 821 1664 884 tenebitur,
1684 824 1746 880 quia
1756 839 1803 873 nec
1813 827 1942 890 possidet,
1954 843 1998 877 uec
2007 832 2057 881 dole

333 898 386 953 tur,
407 895 493 951 legata
514 892 616 949 integra
637 905 670 937 cx
693 904 804 949 persona
823 904 869 936 sua
881 891 986 953 debeat,
1005 890 1113 950 perinde
1123 905 1152 936 ac
1162 889 1183 934 si
1221 887 1289 932 rnatu
1302 886 1372 947 lecit,
1394 900 1444 945 quo
1455 886 1539 933 minus
1550 890 1710 951 possideret,
1732 893 1777 940 sed
1787 908 1834 953 per
1843 894 1874 940 iu
1885 897 2058 948 laciunaetio·

333 976 424 1008 omues
436 960 544 1009 heredes
555 960 640 1004 dotem
650 958 829 1019 praestarent,
851 973 885 1004 an
895 960 980 1005 dotem
992 962 1072 1004 totam
1085 958 1112 1004 in
1124 972 1184 1004 aere
1221 967 1279 999 nem
1290 954 1418 1013 legatorio
1430 955 1585 1019 consulitur,
1605 962 1634 1003 ut
1644 958 1804 1009 indemnitas
1814 962 1839 1009 ei
1851 962 1884 1010 ab
1895 963 1986 1014 herede
1995 982 2058 1027 prae·

288 1072 295 1084 .
332 1030 421 1076 alieno
433 1033 589 1087 computare,
602 1026 695 1083 quiairr
708 1040 766 1073 eum
776 1028 861 1073 solunt
872 1026 1103 1072 actioeiusdeturi
1117 1028 1184 1083 quod
1221 1026 1311 1068 lictur-

331 1111 395 1144 sane
406 1097 487 1154 arogis
499 1096 629 1142 rationem
640 1095 734 1141 babere
747 1095 856 1140 ridetur.
1270 1089 1358 1136 bhsv.
1376 1089 1449 1149 Pup
1457 1091 1490 1135 irs
1499 1092 1533 1137 ia
1541 1106 1557 1137 ss
1566 1106 1601 1139 us
1612 1094 1680 1140 libro
1693 1095 1748 1143 XV
1747 1132 1754 1143 .
1768 1099 1965 1157 Quaestionum.
1988 1104 2057 1160 Quare

384 1167 447 1210 mv,
469 1166 485 1210 1
490 1164 556 1209 ilem
567 1164 632 1208 libro
640 1161 723 1209 Xlll.
736 1166 772 1209 acl
781 1165 860 1223 legem
872 1162 971 1208 Iuliam
982 1167 1007 1207 et
1018 1162 1142 1221 Pupiam.
1156 1161 1184 1207 Si
1220 1158 1422 1214 proponebatur,
1434 1158 1460 1202 in
1471 1159 1602 1218 scriptura
1608 1160 1807 1229 fideicommissi,
1818 1168 1888 1226 quod
1896 1169 2010 1226 pluribus
2018 1174 2056 1220 sub

292 1245 295 1250 ·
331 1233 373 1281 cui
386 1232 482 1278 {undar
493 1235 597 1279 centum
611 1231 704 1288 dignus
715 1232 817 1289 legatus
836 1230 926 1292 luerit,
946 1230 968 1274 si
981 1233 1083 1276 eerrtunr
1097 1230 1182 1276 heredi
1220 1226 1371 1270 conditione
1382 1226 1610 1288 fuetutrelictum,
1631 1242 1677 1287 per
1688 1246 1805 1280 errorem
1823 1236 2056 1286 omissamrnutaan

331 1301 373 1348 vel
386 1301 493 1346 cuilibet
505 1300 550 1347 alii
563 1299 673 1353 dederit,
696 1299 853 1345 uberrimum
875 1298 979 1344 ridetur
994 1310 1051 1344 esse
1062 1298 1185 1355 legatum.
1219 1293 1448 1356 substitutimtcur,
1468 1308 1543 1353 quam
1559 1301 1670 1343 testator
1689 1300 1716 1346 in
1733 1302 1854 1348 secundis
1867 1304 1977 1366 tabulis,
1994 1321 2055 1367 quara

330 1370 396 1415 Nam
408 1369 473 1414 alias
495 1369 604 1415 interest
620 1366 741 1423 legatarii
764 1366 870 1412 fundum
889 1366 977 1424 potius
988 1365 1091 1425 babere,
1112 1379 1185 1421 quam
1219 1361 1322 1407 eosdem
1334 1362 1512 1424 substitueret,
1535 1365 1715 1427 capressisset,
1735 1369 1788 1416 diri
1800 1371 1908 1417 lilsrcua
1919 1376 1946 1419 et
1956 1374 2055 1421 Quoia

331 1442 447 1493 centum3
460 1450 535 1495 saepe
547 1434 616 1481 cuim
629 1434 743 1480 contines
755 1436 847 1480 landos
859 1435 937 1480 ctiam
949 1446 1026 1491 snpra
1037 1433 1132 1478 iustam
1143 1447 1185 1479 ae·
1219 1430 1264 1473 dus
1277 1431 1448 1487 Imperatores
1460 1433 1660 1490 rescripserunt:
1682 1436 1843 1485 voluntatem
1860 1442 2016 1488 manifestam
2025 1443 2055 1488 ri·

330 1504 508 1551 alienationem
524 1504 634 1548 interest
646 1507 737 1547 nostra
748 1503 892 1559 acquirere.
1221 1495 1277 1542 deri
1288 1501 1377 1542 mutuo
1388 1498 1470 1545 laetae
1481 1498 1691 1562 substitutiorris;
1703 1505 1802 1552 etenim
1812 1505 1841 1552 iu
1852 1519 1933 1554 causa
1943 1508 2055 1557 fideicom-

381 1574 433 1618 ΙΝ.
455 1574 556 1618 Caius
566 1572 632 1617 libro
647 1570 713 1616 ΧΗ.
725 1571 762 1616 orl
770 1572 849 1629 legem
863 1570 962 1614 Iuliam
973 1575 999 1613 et
1009 1568 1127 1627 Papiam.
1158 1566 1185 1613 Si
1221 1564 1300 1625 ruissi,
1312 1570 1444 1624 utcunque
1455 1569 1574 1625 precaria
1586 1570 1708 1617 returnar
1720 1579 1901 1636 quaereretur,
1922 1577 2056 1625 coniectura

330 1640 403 1688 Titio
415 1639 513 1687 etmihi
525 1641 614 1685 eadcnr
624 1650 666 1684 res
677 1638 763 1696 legata
775 1637 862 1698 luerit,
874 1641 899 1683 et
911 1636 932 1681 is
944 1636 985 1681 die
996 1638 1104 1682 cedente
1113 1635 1185 1692 lega·
1221 1632 1306 1689 politii
1319 1633 1429 1679 admitti·

329 1708 350 1755 ti
362 1707 502 1756 decesserit
514 1721 553 1753 mc
564 1706 657 1753 bercde
669 1706 770 1768 relicte,
782 1710 808 1751 et
821 1705 861 1751 sel
874 1717 908 1751 ex
918 1717 974 1751 mea
984 1704 1090 1763 propria
1100 1717 1184 1764 causa,
1269 1700 1345 1746 bxv.
1365 1702 1454 1748 Idem
1464 1704 1531 1750 lidra
1542 1704 1616 1752 XVI.
1630 1709 1826 1766 Quaestionum.
1855 1710 1986 1759 Peculium
1996 1715 2056 1774 legs-

329 1776 372 1823 rel
384 1790 419 1822 ex
431 1774 588 1822 hereditaria
604 1776 718 1833 legatum
734 1773 912 1832 repudiavere,
935 1772 1015 1830 magis
1029 1771 1132 1830 quaccre
1145 1771 1184 1815 ri·
1220 1769 1273 1812 tum
1284 1767 1372 1825 augeri
1384 1774 1410 1815 et
1421 1770 1502 1817 minui
1516 1776 1617 1833 potest,
1639 1775 1661 1820 si
1673 1790 1714 1826 res
1726 1778 1822 1835 peculii
1833 1782 1930 1837 postca
1939 1782 2056 1829 esseiaci-

330 1842 643 1905 deo,partemdelecisse.
681 1844 703 1901 §.
719 1843 740 1888 l.
757 1842 785 1887 si
797 1841 933 1887 coherede
946 1840 1075 1901 instituto,
1088 1839 1130 1897 qui
1145 1837 1184 1885 rel
1222 1834 1490 1892 piantantdesinarrt.
1525 1842 1596 1887 idem
1607 1841 1635 1887 in
1653 1844 1752 1890 tanrilla
1763 1846 1831 1907 erit,
1853 1846 1912 1893 aire
1924 1850 2055 1897 usrireraaat

331 1911 399 1958 nihil
412 1911 454 1959 rel
465 1924 519 1957 rrorr
529 1912 610 1956 toturn
621 1924 713 1968 capere
733 1914 830 1970 potest,
852 1921 927 1954 serro
942 1907 1100 1954 hereditario
1113 1907 1184 1965 lega-
1221 1903 1345 1949 seruilium
1355 1916 1441 1965 suasu,
1462 1906 1518 1954 iiie
1529 1912 1641 1972 teriam,
1663 1913 1743 1959 tetuli
1756 1914 1880 1960 urbanam
1894 1920 1939 1961 Μ(
1951 1918 2057 1965 militm

331 1984 386 2027 tum
398 1980 492 2043 luerit,
513 1978 687 2025 tractantibus
698 1978 773 2023 nobis
788 1978 818 2023 de
830 1976 972 2035 capacitate
984 1975 1122 2022 ridendum
1134 1980 1183 2032 est,
1220 1971 1363 2033 legaverit,
1386 1986 1415 2017 ar
1427 1980 1516 2031 postea
1526 1989 1660 2023 serrorum
1673 1981 1757 2026 otiicia
1776 1981 1818 2027 rel
1830 1981 1978 2032 ministeria
1987 1992 2057 2032 muta

331 2052 419 2094 utrum
432 2047 551 2107 heredis,
573 2061 606 2092 an
619 2046 734 2094 defuncti
750 2058 861 2104 persona
869 2078 876 2106 ,
898 2057 932 2089 an
943 2045 1060 2090 neutrius
1072 2042 1183 2102 spectari
1222 2039 1295 2084 ierit.
1325 2039 1420 2086 Eadem
1432 2049 1501 2106 sunt,
1512 2045 1654 2091 lecticariis
1665 2052 1708 2095 aut
1721 2049 1871 2108 pedisequis
1883 2050 1987 2109 legatis.
2007 2055 2026 2113 ᾗ.
2038 2054 2055 2099 1.

331 2116 437 2163 debenti
450 2116 483 2160 Et
494 2119 552 2173 post
563 2116 657 2161 multas
669 2114 810 2160 varietates
822 2113 914 2173 placet,
928 2117 965 2173 ut,
977 2111 1038 2170 quia
1048 2111 1184 2160 nullusest
1220 2106 1367 2165 Quadrigas
1383 2107 1497 2167 legatum
1515 2125 1583 2171 equo
1600 2118 1691 2171 postea
1706 2121 1811 2162 mortuo
1822 2118 1910 2176 perire
1921 2121 2018 2176 quidam
2027 2121 2059 2167 ita

330 2182 459 2244 domiuus,
472 2182 499 2227 in
511 2183 586 2229 cuius
597 2196 708 2242 persona
720 2182 751 2227 de
763 2183 905 2239 capiacitute
917 2180 1007 2237 quami
1018 2179 1109 2241 possit,
1126 2181 1184 2225 siue
1220 2175 1342 2236 creduut,
1364 2176 1385 2221 ti
1397 2191 1478 2236 equus
1495 2178 1540 2225 ille
1557 2182 1679 2243 decessit,
1706 2184 1749 2241 qui
1762 2185 1961 2234 demonstrabat
1970 2188 2059 2248 quadri.

331 2251 388 2297 ullo
399 2250 584 2310 impedimento
595 2251 744 2308 acquiratur
754 2249 869 2308 legatum
888 2247 1041 2310 hereditati,
1063 2251 1139 2304 atque
1151 2248 1183 2293 ob
1220 2256 1291 2300 gurim
1314 2244 1358 2289 scd
1370 2245 1391 2288 si
1404 2247 1488 2293 medio
1500 2252 1617 2306 tempore
1628 2250 1761 2297 dernirruts
1771 2253 1941 2318 suppleatur,
1962 2258 1990 2302 ad
1999 2258 2057 2314 lega·

331 2319 359 2365 id
373 2319 520 2365 omnimodo
532 2319 564 2364 ad
575 2332 632 2364 eum
644 2317 783 2378 pertineat,
795 2317 938 2373 quicunque
949 2321 1040 2374 postea
1050 2317 1125 2363 heres
1136 2330 1182 2363 ex·
1220 2310 1311 2357 tarium
1323 2313 1474 2369 pertinebit.
1507 2316 1532 2374 b.
1545 2320 1568 2361 2.
1580 2317 1652 2364 Titio
1664 2318 1767 2366 Stichus
1779 2320 1881 2379 legatus
1896 2328 2059 2381 postmortem

331 2386 440 2449 ,ψῃ-ῃ,
451 2386 588 2436 „cundum
600 2387 668 2445 quod
679 2385 795 2443 occipere
807 2387 907 2444 potestq
920 2383 1020 2444 reliqua
1031 2389 1115 2431 auteur
1123 2398 1183 2443 pars
1219 2377 1283 2423 Titii
1295 2379 1441 2427 libertatem
1452 2382 1565 2441 accepit3
1586 2390 1611 2429 et
1622 2386 1736 2444 legatum
1747 2388 1819 2434 adita
1830 2388 1988 2453 hereditate,
2000 2396 2022 2437 et
2030 2390 2057 2436 li-

330 2452 793 2517 ,ququqju,0,·0cqnqu,„-e„jt,
850 2459 853 2463 ’
1219 2446 1303 2491 bertas
1315 2453 1493 2504 postmortem
1504 2451 1569 2495 Titii
1581 2455 1713 2512 competit.
1750 2456 1929 2521 ldemqueeal,
1947 2459 2058 2507 cisimu-

382 2524 447 2569 gvg
469 2522 561 2569 mm
577 2524 647 2569 1pr
664 2521 735 2567 χιγ,
749 2522 881 2582 adtegem
901 2522 998 2568 [ultam
1015 2527 1042 2566 ee
1058 2520 1181 2579 Papam,
1219 2514 1303 2561 rierrtc
1314 2516 1385 2561 Tillo
1397 2517 1529 2563 libescere
1543 2520 1627 2565 iussus
1639 2527 1686 2567 est.
1723 2525 1782 2582 §.h
1803 2523 1830 2570 Si
1853 2526 1943 2573 lamen
1956 2528 2058 2574 'liliosa

330 2592 406 2648 Quod
417 2590 529 2651 principi
543 2591 663 2637 relictum
675 2594 729 2651 est,
750 2587 791 2646 qui
803 2593 877 2653 aute,
898 2602 974 2649 quam
985 2589 1040 2635 dies
1052 2588 1132 2646 legati
1143 2602 1182 2635 ce.
1219 2588 1291 2639 parte
1302 2583 1396 2631 herede
1407 2584 1529 2631 instituto
1542 2598 1633 2649 seruus
1644 2590 1743 2649 legatus
1765 2593 1810 2648 sit,
1830 2594 1856 2637 et
1878 2600 1941 2651 post
1961 2600 2056 2642 monera

331 2658 385 2719 dot,
396 2659 427 2704 ab
438 2659 587 2705 hominihus
598 2664 704 2717 ereptus
716 2661 765 2720 cst,
786 2670 820 2704 ex
832 2657 1022 2705 constitutione
1035 2655 1088 2703 diri
1100 2658 1182 2702 Anto·
1218 2651 1273 2696 eius
1284 2651 1350 2698 liber
1361 2666 1417 2699 esse
1427 2653 1514 2699 iussus
1526 2657 1569 2717 sit,
1580 2657 1636 2703 sire
1647 2658 1921 2709 adieritbereditdtem
1933 2661 2059 2725 Titius,si·

330 2726 389 2773 „qni
401 2728 543 2772 ,mmm
556 2727 612 2773 equ,
625 2728 740 2773 debetur,
1220 2730 1250 2764 re
1262 2732 1314 2765 rrorr
1326 2721 1430 2781 adierit,
1451 2732 1510 2780 post
1521 2725 1594 2770 cuius
1605 2732 1716 2773 mortem
1728 2727 1837 2774 libertas
1848 2727 1874 2774 ei
1884 2730 1948 2778 data
1958 2736 2005 2794 sat,
2022 2730 2059 2778 la·

381 2795 459 2840 livll.
481 2796 498 2840 1
503 2796 560 2840 arsi
564 2809 600 2842 ur
617 2796 670 2841 iila
679 2795 858 2839 ariciense
872 2793 939 2839 libro
951 2792 993 2838 Il.
1005 2792 1042 2837 acl
1050 2792 1128 2851 legem
1138 2791 1182 2837 lu·
1219 2789 1307 2834 iuncto
1320 2802 1350 2833 eo
1362 2789 1469 2835 libertas
1483 2793 1615 2851 competit.

330 2860 566 2922 liametPups'am.
602 2862 630 2909 Si
642 2864 771 2920 Augustae
783 2858 921 2921 legereris,
942 2862 969 2905 et
979 2860 1090 2905 eairrter
1100 2859 1183 2905 borni·
1263 2855 1351 2903 LXVI.
1371 2858 1459 2903 Idem
1471 2860 1538 2905 ls'dro
1549 2858 1637 2906 erl.
1647 2863 1842 2920 Quaestionum.
1877 2867 2058 2914 asserturus·

331 2943 378 2977 nea
390 2942 447 2976 esse
456 2929 573 2987 desierit,
596 2929 689 2991 deficit,
710 2928 776 2986 quod
788 2926 812 2973 ei
824 2927 944 2974 relictum
954 2930 1002 2987 est,
1020 2926 1096 2973 sicuti
1109 2927 1182 2973 dirus
1220 2922 1279 2969 dum
1289 2923 1351 2971 mibi
1363 2937 1391 2970 ac
1400 2926 1473 2972 ‘litio
1484 2928 1531 2973 sub
1542 2927 1693 2979 conditione
1704 2931 1813 2993 legarit,
1825 2932 1903 2981 heres
1914 2942 2000 2982 auten
2011 2935 2058 2982 eius

331 2998 481 3045 Hadrianus
492 2998 519 3044 in
529 2998 658 3057 Plotinae,
670 3000 695 3045 et
707 2995 827 3055 proxime
839 2996 982 3053 lmperator
992 2995 1141 3040 Antoninus
1155 2996 1181 3040 in
1218 2993 1327 3039 eundern
1338 2994 1383 3038 sub
1394 2995 1483 3042 eadem
1493 2997 1717 3049 conditionemihi
1725 2999 1836 3059 legarit3
1849 3004 1992 3051 serendum
2000 3015 2055 3064 esse,

330 3066 471 3113 Faustinae
481 3067 613 3124 Augustae
624 3078 736 3123 persona
747 3062 889 3124 constituit,
910 3075 988 3120 quum
1001 3077 1032 3109 ea
1042 3068 1102 3110 ante
1113 3063 1182 3110 inter
1219 3060 1336 3106 lulianus
1347 3061 1394 3123 uit,
1414 3076 1447 3109 nc
1458 3065 1603 3111 exsistente
1616 3067 1768 3113 conditione
1780 3081 1837 3127 para
1848 3072 1940 3117 cedern
1952 3086 1987 3119 ex
1996 3074 2057 3117 utro-

332 3134 450 3181 hominea
461 3147 517 3181 esse
529 3134 657 3191 desiisset,
670 3147 744 3193 quem
756 3134 867 3177 testator
880 3130 1023 3177 decederet.
1218 3141 1267 3184 que
1279 3132 1434 3176 testamento
1447 3131 1509 3177 mihi
1523 3132 1655 3179 debeatur.
1686 3136 1838 3182 Voluntatis
1851 3143 1940 3185 tamen
1953 3141 2058 3198 quaestio

384 3203 474 3247 hullt.
495 3205 538 3249 Ca
546 3204 557 3246 l
565 3216 601 3248 trs
611 3202 678 3247 libra
691 3197 764 3247 XIV.
780 3200 818 3245 ud
826 3200 906 3259 legem
916 3199 1013 3246 Iulium
1024 3206 1051 3245 et
1061 3198 1181 3258 Papiam.
1218 3196 1283 3253 erit5
1296 3209 1353 3242 uam
1365 3197 1518 3245 incredibile
1530 3200 1642 3263 ridetur,
1660 3201 1686 3247 id
1697 3205 1781 3261 egisse
1794 3204 1921 3268 heredem,
1943 3213 1973 3254 ut
1984 3208 2059 3256 cadesa

332 3268 361 3316 si
371 3268 412 3315 cai
424 3283 466 3316 res
477 3270 565 3329 legate
576 3269 670 3329 luerit,
685 3272 711 3315 et
723 3266 829 3314 omniuo
840 3267 928 3323 aliqua
939 3280 971 3313 err
983 3270 1057 3325 parte
1069 3267 1182 3314 voluerit
1217 3264 1302 3324 portio
1315 3264 1353 3309 bis
1369 3265 1452 3312 eidem
1472 3267 1609 3327 debeatur·;
1624 3270 1675 3315 ‘sed
1695 3271 1839 3318 verisimile
1860 3279 1910 3337 est,
1933 3275 1967 3322 de
1988 3277 2061 3323 altera

332 3350 403 3384 mm
414 3351 479 3401 em,
491 3341 573 3384 togam
584 3337 702 3394 acquiris,
1216 3337 1289 3390 parte
1298 3345 1357 3378 eum
1367 3334 1505 3392 cogitasse.
1540 3339 1607 3382 Sane
1617 3339 1771 3385 constitutio
1787 3340 1922 3402 principis,
1945 3358 1997 3404 qna
2013 3344 2059 3403 pla-

383 3405 450 3452 htx.
474 3406 616 3453 Terenti
623 3419 657 3453 aa
675 3405 822 3451 Clemens
840 3401 910 3447 libro
921 3399 979 3446 XV.
995 3402 1032 3447 ud
1045 3403 1124 3462 legens
1135 3404 1183 3449 lrs·
1217 3400 1279 3462 cuit,
1291 3401 1373 3447 eidem
1385 3415 1461 3459 saepe
1473 3402 1586 3461 legatum
1596 3416 1689 3464 corpus
1701 3419 1753 3452 non
1766 3420 1877 3457 onerare
1888 3411 2022 3474 heredem,
2035 3410 2062 3456 ad

331 3474 567 3534 liumetl’eplam.
602 3472 631 3519 Si
642 3471 704 3518 mibl
715 3483 789 3531 pure,
800 3480 877 3515 serre
888 3482 945 3516 meo
957 3468 998 3514 rel
1008 3483 1071 3528 pure
1084 3471 1126 3517 rel
1136 3472 1182 3516 sub
1216 3472 1485 3517 urrumtestanrerrturu
1506 3471 1629 3529 pertinet.
1664 3472 1775 3524 Debitor·
1793 3481 1879 3525 autern
1895 3492 1950 3525 uon
1967 3491 2064 3539 semper

333 3540 485 3587 seruditione
497 3541 584 3588 eadem
595 3554 636 3586 res
648 3539 734 3598 legale
745 3536 788 3597 sit,
799 3550 896 3594 egoque
907 3537 1029 3599 legatum,
1041 3540 1109 3596 quod
1120 3538 1181 3584 milri
1217 3537 1283 3593 quod
1295 3536 1370 3584 debet
1380 3539 1437 3585 iure
1448 3539 1526 3602 legat,
1547 3540 1592 3586 scd
1603 3540 1649 3603 ita,
1670 3542 1693 3588 si
1704 3545 1763 3603 plus
1774 3545 1808 3590 sit
1819 3546 1847 3591 iu
1868 3547 1955 3606 specie
1973 3547 2062 3607 legati3

334 3607 421 3653 delum
432 3612 477 3671 cst,
488 3608 630 3670 repudiem,
645 3607 738 3653 deiude
750 3604 901 3651 conditione
912 3604 1056 3653 exsistente
1069 3605 1103 3667 id,
1116 3607 1182 3667 quod
1217 3603 1318 3651 sienim
1332 3606 1400 3653 idem
1411 3609 1456 3653 sub
1469 3608 1556 3671 eadem
1569 3609 1720 3659 ‘conditione
1730 3613 1897 3678 relinquitur,
1919 3618 1988 3673 quod
1999 3622 2063 3664 elno-

334 3687 411 3722 servo
422 3689 478 3722 meo
490 3675 603 3734 legatam
614 3679 670 3738 est,
691 3672 770 3719 velim
781 3673 862 3718 adme
873 3672 1015 3735 pertinere,
1036 3676 1182 3733 partemle-
1217 3671 1643 3734 lumentumlcgatiluturumestl
1674 3680 1697 3739 ᾗ.
1723 3683 1745 3727 l.
1767 3682 1885 3729 Duorum
1906 3684 2063 3731 testamentis

335 3742 388 3800 goti
401 3742 526 3801 deiicere,
544 3756 694 3801 responsum
705 3744 754 3801 est,
775 3740 825 3786 nisi
837 3739 859 3785 si
870 3739 927 3797 quia
938 3741 1046 3803 dubitet,
1068 3754 1101 3789 an
1112 3742 1182 3788 exui·
1218 3753 1276 3797 pars
1287 3741 1371 3805 fundi,
1383 3757 1447 3802 qnae
1458 3745 1553 3790 blaseii
1565 3749 1613 3807 est,
1624 3746 1697 3793 'l'itio
1708 3748 1795 3808 legata
1803 3753 1856 3809 eat,
1867 3766 1922 3797 non
1934 3753 2061 3813 inelegan-

333 3812 421 3856 ateute
432 3809 592 3873 conditione,
603 3810 624 3855 ai
636 3822 726 3856 servus
737 3809 818 3871 vivat,
826 3808 1091 3866 omnimodolegatum
1100 3824 1181 3855 meum
1219 3809 1401 3867 terprobutum
1410 3815 1463 3873 est,
1484 3812 1515 3858 ab
1528 3826 1579 3859 uno
1592 3813 1686 3861 herede
1696 3817 1782 3865 soluta
1803 3823 1876 3875 perte
1897 3821 1988 3881 tundi,
2005 3834 2062 3881 quae

334 3876 394 3940 fiat,
415 3877 483 3933 quod
495 3878 573 3923 semel
590 3877 622 3925 ad
639 3891 679 3923 me
692 3877 823 3936 pertinere
840 3875 979 3935 coluerim,
1000 3878 1067 3933 quod
1078 3877 1182 3936 aequius
1217 3876 1313 3923 blaesil
1330 3878 1400 3935 tuit,
1422 3891 1454 3924 ex
1476 3878 1529 3926 alio
1551 3880 1708 3926 testamento
1728 3879 1914 3933 liberationem
1935 3884 2063 3944 obtingere

336 3958 393 3991 ease
404 3942 517 3991 ridetur.
547 3945 616 3991 ldcru
626 3948 674 4008 est,
685 3948 712 3991 et
725 3944 747 3991 si
759 3945 859 4015 duobus
871 3944 954 3991 serris
965 3944 1030 3991 meis
1041 3946 1130 3991 eadem
1140 3960 1182 3993 res
1217 3958 1299 4004 neque
1310 3951 1402 4004 postea
1412 3952 1483 4007 parte
1496 3950 1610 3996 alienata
1627 3953 1746 4001 resecari
1768 3956 1899 4004 actionem
1919 3959 2000 4005 semei
2019 3971 2062 4006 er·

334 4014 445 4072 legetur,
494 4018 497 4023 ¹
1216 4013 1345 4079 stinctum.
1371 4019 1393 4075 5.
1403 4022 1426 4063 2.
1436 4017 1487 4063 Sed
1497 4018 1518 4062 si
1528 4031 1586 4076 para
1600 4020 1672 4066 tundi
1684 4018 1908 4081 simpliciter,rron
1921 4040 1987 4086 quae
1997 4026 2064 4072 ldae-

386 4078 441 4126 LX.
462 4078 487 4125 U
492 4080 525 4138 lp
535 4080 632 4128 lusus
649 4078 716 4126 libro
736 4079 789 4127 XV
789 4081 811 4127 1.
830 4081 869 4128 ud
883 4080 964 4141 legens
974 4080 1071 4127 lullum
1087 4088 1112 4128 et
1127 4081 1181 4129 Pa·
1217 4082 1251 4126 rii
1266 4083 1325 4145 luit,
1346 4085 1463 4147 legetur,
1486 4085 1582 4131 solutio
1594 4090 1668 4145 prior
1679 4104 1731 4136 non
1743 4092 1848 4149 perimit
1859 4094 1971 4141 alteram
1986 4094 2065 4141 actio·

330 4150 413 4210 piam.
424 4147 543 4192 lulianus
553 4146 604 4194 alt:
617 4147 647 4193 Si
655 4145 743 4206 afilia
753 4148 847 4195 herede
857 4149 970 4208 legatum
980 4151 1017 4195 st't
1027 4147 1179 4212 Seiafidei-
1216 4164 1288 4212 nem,
1308 4155 1385 4211 atque
1397 4153 1474 4199 etiem
1485 4153 1549 4199 benc
1560 4158 1665 4203 eandem
1677 4162 1774 4217 partem
1791 4160 1879 4217 aliquo
1900 4163 1978 4209 modo
1996 4174 2063 4208 suaa

335 4228 385 4278 que
395 4216 450 4262 eise
460 4217 619 4261 commissum
629 4217 718 4280 suerit
733 4218 780 4264 sub
795 4218 948 4272 coadlmorse,
970 4219 1081 4265 utilitia
1093 4220 1180 4276 deret,
1216 4219 1414 4280 tactampoterit
1425 4222 1493 4267 alter
1504 4222 1579 4269 heres
1601 4225 1716 4284 solrere;
1736 4239 1847 4285 namque
1869 4229 1957 4289 plures
1976 4230 2064 4277 inuno

334 4290 362 4330 et
373 4283 593 4343 liriuspendenre
603 4283 1180 4345 conditionedecesserit,fideicosrsrssissumtle-
1216 4287 1294 4333 lurrdo
1306 4289 1448 4336 dominium
1464 4288 1528 4336 iuris
1550 4290 1700 4355 intellectu,
1721 4307 1775 4340 nou
1795 4296 1929 4344 divisione
1949 4298 2063 4359 eorporis

328 4349 424 4411 ficiens
435 4352 508 4410 upari
518 4351 605 4399 Seium
615 4360 746 4414 remanet,
764 4368 814 4400 nors
825 4349 951 4411 adstitisse
966 4354 1083 4404 heredem
1094 4360 1180 4417 perti·
1215 4354 1344 4404 obtinent.
1381 4360 1404 4419 §-
1417 4359 1440 4402 3.
1454 4358 1514 4403 Non
1524 4358 1590 4406 idern
1601 4362 1783 4426 respondetur,
1804 4378 1861 4410 cum
1871 4365 1974 4413 duobus
1985 4371 2062 4414 testa-

333 4424 391 4482 sset,
412 4416 726 4481 quius'rsfirles'comms'sais
741 4424 869 4481 potiorem
880 4437 989 4471 eausam
1005 4423 1103 4472 leaders
1113 4439 1179 4489 eura,
1214 4424 1309 4471 mentis
1322 4425 1465 4485 generatim
1475 4426 1551 4473 borno
1561 4428 1676 4488 legatur3
1697 4444 1754 4478 nam
1773 4432 1815 4492 qui
1838 4433 1961 4481 aolreute
1981 4435 2062 4481 altero

327 4484 481 4547 *cuimfides
492 4489 576 4534 electu
586 4489 628 4548 st't,
638 4495 745 4535 serratus
755 4490 846 4536 uoluit.
1215 4493 1335 4551 legatarii
1349 4495 1433 4542 lactus
1445 4498 1493 4554 est,
1504 4498 1619 4554 quamvis
1630 4498 1721 4556 postea
1734 4499 1768 4545 ait
1780 4501 1918 4565 alienatus,
1939 4505 1971 4551 ab
1982 4503 2061 4549 alteru

386 4555 454 4603 LXI.
473 4555 492 4601 1
496 4555 531 4601 de
537 4569 561 4601 nt
576 4556 641 4602 libro
657 4554 760 4603 XVIII.
772 4558 808 4603 ad
826 4558 905 4618 legem
914 4555 1009 4606 Iuliam
1019 4567 1046 4608 et
1056 4560 1179 4621 Papiam.
1215 4561 1310 4608 beredo
1320 4562 1387 4609 idem
1399 4562 1466 4608 solri
1476 4576 1530 4609 rrou
1542 4565 1647 4622 poterit.
1677 4566 1823 4628 Eademque
1833 4570 1902 4617 ratio
1914 4571 2061 4630 stipulatio·

333 4621 728 4675 Si'l'itioethlaerioireredibus
738 4623 876 4687 institutis,
888 4625 929 4686 qui
940 4627 1129 4688 quadringenta
1138 4644 1180 4677 re·
1216 4628 1256 4674 nir
1268 4634 1322 4690 est;
1343 4630 1455 4678 hominia
1467 4631 1535 4678 enim
1547 4632 1661 4691 legatum
1672 4636 1800 4682 orationis
1811 4639 1967 4697 compendio
1976 4640 2062 4696 siugu-

249 4716 251 4719 ·
333 4693 478 4755 linquebat,
489 4691 584 4741 a'l'itio
595 4691 706 4736 ducenta
715 4692 852 4756 legaverit,
863 4697 889 4740 et
898 4694 1180 4760 quisquisheresesset,
1216 4697 1255 4743 los
1266 4699 1384 4746 homines
1395 4700 1520 4763 continet,
1540 4704 1618 4758 utque
1626 4702 1657 4747 ab
1669 4702 1748 4750 initio
1759 4718 1811 4751 nou
1827 4707 1950 4753 consistit
1970 4707 1995 4753 iu
2011 4705 2061 4764 bis,

334 4768 445 4824 centum,
457 4758 665 4817 nequehlaerius
676 4759 844 4808 hereditatem
854 4761 959 4825 adierit,
972 4766 1180 4813 trecenta‘l'itiua
1215 4766 1258 4822 qui
1270 4766 1391 4827 legatarii
1403 4770 1519 4830 fuerunt,
1536 4768 1574 4814 ita
1584 4771 1681 4817 trustra
1692 4772 1813 4835 solvitur,
1834 4774 1908 4821 cuius
1920 4773 2063 4822 dominium

333 4830 447 4881 debebit.
467 4830 490 4891 5.
505 4830 528 4875 l.
542 4827 658 4875 tulimus
669 4828 772 4887 quidem
782 4831 834 4878 ait:
845 4828 869 4876 ai
878 4830 945 4879 alter
956 4845 989 4879 ex
998 4832 1124 4891 legitimis
1136 4835 1179 4881 be.
1215 4838 1305 4891 postea
1315 4836 1457 4897 legatarius
1468 4839 1575 4897 adeptus
1586 4843 1633 4901 est,
1654 4841 1756 4886 tametsi
1769 4842 1888 4887 dominus
1899 4856 1959 4891 esse
1980 4840 2062 4889 desie-

331 4901 440 4952 sedibus
455 4897 618 4959 repudiasset
636 4898 799 4964 portionem,
820 4911 897 4959 quum
914 4905 1001 4948 essent
1018 4902 1049 4946 ab
1066 4915 1097 4950 eo
1108 4903 1180 4950 fidei·
1216 4904 1260 4950 rit.
1296 4906 1319 4964 p.
1331 4908 1356 4952 4.
1379 4906 1408 4951 ln
1420 4906 1500 4953 tundo
1511 4905 1599 4965 legato
1610 4906 1632 4952 si
1654 4906 1728 4954 heres
1749 4909 1893 4971 sepelierit,
1914 4909 2060 4959 aestimafio

333 4970 470 5020 commissa
479 4967 580 5031 relicta,
594 4967 747 5015 coheredem
758 4968 815 5014 eiua
827 4980 882 5016 aaa
892 4982 949 5016 esse
960 4970 1180 5028 cogendumddei-
1214 4974 1353 5020 relerenda
1363 4973 1415 5022 erit
1427 4974 1459 5021 ad
1470 4978 1552 5022 totum
1561 4974 1672 5032 pretium
1683 4976 1764 5037 tundi,
1784 4990 1834 5036 qua
1845 4979 1932 5037 potuit
1944 4982 2001 5027 aute
2018 4990 2061 5023 se·

333 5040 469 5090 commissa
483 5041 631 5100 praestare,
652 5036 800 5097 portionem
819 5037 890 5085 enim
907 5038 940 5087 ad
958 5038 1110 5087 coheredem
1125 5040 1182 5087 aine
1216 5041 1346 5099 pulturam
1356 5043 1502 5104 aestimari3
1514 5056 1593 5101 quare
1603 5043 1625 5090 si
1637 5044 2062 5101 lueritaolutns,sctionemaliaue

332 5116 413 5159 onere
426 5110 568 5173 pertinere.
581 5109 631 5157 Sed
643 5110 703 5168 post
713 5108 867 5167 rescriptum
878 5106 978 5173 Severi,
989 5120 1040 5167 quo
1050 5109 1181 5159 fideicom-
1216 5124 1249 5158 ex
1261 5115 1416 5161 testamento
1437 5118 1543 5172 propter
1560 5113 1646 5160 lacum
1665 5113 1806 5160 alienatum
1826 5114 1929 5175 durare,
1952 5111 2060 5162 rationis

329 5182 409 5230 missa
419 5183 451 5229 ah
463 5180 585 5228 instituto
597 5179 692 5227 relicta
703 5190 718 5223 a
729 5177 878 5224 substitutis
889 5177 1022 5244 debentur,
1034 5181 1060 5225 el
1071 5179 1181 5238 bisque·
1216 5182 1263 5227 est.
1299 5183 1323 5242 i.
1336 5185 1358 5227 b.
1371 5182 1447 5244 Eum,
1463 5180 1504 5240 qui
1517 5180 1547 5227 ab
1557 5195 1609 5227 uno
1621 5195 1653 5229 ex
1664 5181 1809 5241 heredibus,
1830 5182 1873 5239 qui
1884 5184 1958 5231 solus
1969 5193 2062 5230 onera-

329 5251 353 5299 al
375 5252 531 5299 substitutus
552 5263 610 5297 cuns
629 5261 677 5296 auo
695 5258 776 5295 uuere
802 5251 974 5305 consequetur
994 5255 1182 5297 accrescentem
1216 5252 1257 5295 tua
1269 5251 1362 5314 tuerat,
1379 5248 1759 5309 litiseestirnationemlegatae
1773 5249 1811 5297 rei
1832 5252 1991 5314 abstulisset,
2010 5262 2063 5308 po·

330 5321 488 5384 portionem.
1216 5321 1280 5380 stea,
1304 5318 1433 5365 codicillis
1443 5318 1547 5379 apertis,
1569 5319 1599 5363 ab
1612 5318 1728 5363 omnihus
1740 5318 1876 5365 heredibus
1887 5319 1998 5368 eiusdem
2015 5330 2058 5362 rer

348 5382 1115 5453 'lillll.Liciniuslluslautlldrolldliegularam.
1152 5384 1180 5431 Si
1216 5382 2060 5449 relictaediaidomirrimnnouquserere3camenim‚quipluri·

246 5489 252 5501 ·
328 5458 430 5510 alicnus
440 5472 529 5509 sersus
540 5458 614 5506 lieres
626 5456 764 5505 lrtslltutus
783 5452 877 5515 irretit,
898 5452 1028 5501 adomirro
1041 5451 1097 5499 eius
1107 5452 1181 5501 tidei-
1216 5456 1262 5501 bus
1274 5453 1407 5513 speciebus
1418 5457 1614 5515 iurisnteretur,
1636 5467 1690 5500 non
1701 5455 1801 5514 saepius
1820 5456 1930 5502 eandem
1948 5469 1998 5502 rem
2015 5450 2059 5497 ei-

328 5530 489 5579 mmintsrum
501 5526 613 5587 seliuqul
626 5526 726 5589 perirati
738 5520 781 5571 sati
794 5520 888 5571 ltsiroc
900 5519 1181 5571 dtetcommissomdo.
1216 5523 1273 5569 dem
1294 5524 1389 5587 legare,
1410 5525 1455 5572 secl
1474 5522 1547 5584 loqui
1569 5523 1679 5582 saepius.
1714 5524 1737 5584 §a
1758 5526 1779 5569 ti.
1801 5522 1891 5571 Fando
1913 5524 2012 5583 legato,
2031 5517 2058 5562 ti

327 5600 414 5647 ulnus
424 5603 556 5663 praestare
567 5594 650 5655 tetius,
662 5596 683 5643 st
696 5606 739 5657 prr
750 5600 852 5639 sarritur
864 5588 988 5639 tsettrsalt
996 5590 1079 5638 borea.
1092 5590 1180 5645 (tued-
1215 5593 1376 5639 ususfructus
1383 5593 1485 5640 abenas
1493 5593 1537 5654 sit,
1557 5590 1640 5638 nihilo
1651 5591 1735 5639 minus
1746 5592 1869 5649 petendus
1881 5597 1920 5639 est
1931 5592 1961 5639 ab
1983 5592 2058 5637 tiere-

326 5670 349 5715 ee
361 5674 437 5733 ogig,
458 5678 532 5731 qnam
546 5668 616 5717 mm
629 5660 810 5715 persentiretur
824 5656 966 5723 hereditas,
988 5672 1179 5707 serrusmauu-
1215 5660 1260 5721 de;
1292 5663 1454 5709 ususfructus
1475 5661 1554 5722 cuim,
1574 5661 1670 5707 etalio
1693 5659 1763 5719 iure,
1786 5674 1838 5711 non
1860 5661 1888 5706 in
1908 5664 1979 5718 parte
1992 5667 2057 5703 cou-

325 5738 420 5789 aime
430 5736 517 5803 lussit,
538 5740 563 5787 el
576 5748 625 5787 stlte
636 5732 748 5787 silrltrlu
761 5726 854 5779 stiriis
866 5726 1042 5789 hereditatem,
1062 5728 1180 5776 dontinus
1213 5729 1293 5791 sistit,
1313 5730 1514 5779 emolumentum
1524 5734 1609 5774 tamen
1620 5729 1658 5776 rei
1669 5727 1798 5775 eontinet.
1833 5728 1971 5775 Enicas-ero
1991 5726 2056 5770 tou·

324 5806 352 5855 Ι
362 5808 496 5859 imitarer
506 5820 560 5859 nott
571 5812 620 5877 etl,
641 5808 704 5869 titiis
715 5800 790 5855 heres
803 5798 886 5851 lustris
897 5808 949 5845 ttuu
961 5798 1008 5863 ssi,
1020 5808 1067 5845 usu
1079 5808 1179 5863 tersus,
1213 5798 1246 5845 do
1257 5799 1352 5847 relicto
1363 5797 1390 5846 'et
1400 5799 1432 5846 ob
1442 5798 1556 5856 reliquas
1578 5796 1779 5859 praestationes,
1799 5808 1864 5854 quae
1883 5796 1990 5855 legatum
2006 5798 2053 5835 ts·
