4354 6424
308 366 343 420 13
728 366 790 420 Dii
825 364 1244 424 continuatim
1279 362 1623 424 utuntuottutt

310 512 414 572 dinem,
435 506 572 556 seeundum
590 506 660 563 quod
680 505 776 554 dictum
797 509 852 571 est,
867 508 898 555 ub
917 506 1066 557 huiuamodi
1086 522 1149 558 con·

311 577 485 626 summatione
507 575 624 621 uolumus
645 575 783 637 exsulare,
803 580 829 622 et
849 589 895 637 es,
916 588 982 632 quae
1004 577 1149 624 semotissi-

315 647 365 694 mis
384 641 631 701 constitutionibus,
651 654 714 697 quus
734 643 764 689 in
784 642 899 690 codicem
912 645 1032 689 nostrum
1047 644 1149 704 redegi-

314 726 386 772 mus,
406 713 479 759 cuuta
489 712 562 768 sunt,
584 708 680 755 iterum
696 710 760 768 poni
774 723 808 757 ex
819 714 909 757 vetere
921 711 979 758 iure
992 723 1046 756 non
1057 724 1150 759 conce-

316 780 415 839 dimus,
436 789 514 832 quum
533 775 657 822 divalium
672 777 893 824 constitutionum
903 777 1003 824 ssnctio
1014 778 1108 825 subicit
1117 778 1152 824 ud

314 858 403 893 eorum
419 843 614 904 auctoritatem,
637 843 688 889 nisi
709 846 778 892 torte
797 845 841 890 uel
857 848 965 904 propter
987 844 1151 907 diuisionem,

315 912 358 958 uel
384 914 490 969 propter
510 909 695 973 repletionem,
725 910 767 959 uel
784 917 890 970 propter
910 911 1056 970 pleniorem
1077 912 1152 958 inds-

311 978 399 1040 piueur
410 978 458 1024 boc
467 977 625 1035 cnrrtigerit3
648 982 675 1025 et
694 978 744 1026 hoe
760 980 846 1025 tanuen
857 993 980 1041 perraro,
1000 992 1034 1027 ne
1044 993 1077 1027 ex
1090 991 1153 1026 cou-

312 1045 462 1092 tinuntionc
477 1044 624 1091 huiusmodi
641 1045 730 1104 lapsus
749 1045 852 1092 oriatur
866 1046 965 1103 aliquid
984 1047 1012 1093 in
1027 1047 1076 1092 tali
1092 1059 1153 1106 prs-

311 1117 340 1158 to
348 1111 492 1170 spinosum.
528 1112 551 1169 p
566 1113 604 1157 111.
617 1112 704 1159 Sedet
714 1114 735 1159 ai
746 1126 813 1171 quoe
823 1112 895 1173 leges
904 1112 1153 1160 inueteribuslibris

312 1179 415 1240 positae
424 1178 476 1224 iam
487 1177 515 1223 in
529 1178 725 1227 desuetudinem
735 1179 867 1244 ubiernnt,
889 1181 963 1226 trullo
979 1182 1056 1228 modo
1080 1180 1153 1228 vobis

313 1246 414 1295 easdem
428 1257 526 1303 ponere
537 1245 711 1302 permittimus
720 1260 811 1309 ,quum
822 1248 886 1295 baec
895 1249 1073 1294 tuntnmmodo
1082 1247 1154 1295 obti-

311 1327 376 1361 nere
388 1312 524 1372 volumus,
546 1324 611 1368 quae
624 1314 666 1359 uel
680 1313 838 1361 iudiciorum
849 1315 1073 1372 trequentinimus
1089 1315 1153 1362 ordo

311 1379 441 1441 exercuit,
453 1380 495 1427 vei
505 1379 586 1437 longa
596 1382 757 1428 consuetudo
768 1381 846 1427 huius
857 1383 941 1431 alnroe
953 1384 1024 1430 urbis
1035 1395 1155 1443 compro-

312 1448 400 1509 buuit,
412 1447 553 1492 secundum
565 1446 648 1492 Seiuii
662 1448 757 1494 iuliani
769 1448 942 1511 scripturum,
963 1464 1031 1509 quse
1042 1451 1154 1512 indicat,

314 1516 406 1561 debere
418 1525 507 1560 omnes
518 1513 639 1560 civitates
650 1515 865 1562 consuetudinem
875 1518 971 1563 liomne
983 1518 1073 1580 sequi,
1091 1530 1156 1577 quae

313 1584 392 1640 capnt
402 1583 443 1627 cst
454 1580 525 1627 orbis
537 1585 679 1641 terrarum,
701 1595 755 1628 nou
766 1582 845 1641 ipsum
857 1584 922 1629 nlius
940 1584 1068 1631 ciuitates.
1104 1586 1156 1629 Ro-

313 1663 381 1696 mam
396 1651 483 1694 autem
501 1647 702 1705 inteltigendum
720 1653 759 1696 est
780 1663 833 1695 non
857 1651 943 1697 scium
963 1655 1091 1713 ueterem,
1111 1650 1157 1696 sed

314 1716 394 1763 etium
403 1714 503 1772 regium
513 1717 643 1777 nostram,
664 1730 729 1775 «pune
741 1718 790 1763 deo
801 1718 917 1775 propitio
925 1731 985 1765 cum
1004 1718 1156 1765 melioribus

315 1781 470 1829 conditaest
490 1780 615 1840 ougttriis.
652 1783 674 1842 9.
689 1787 728 1829 11.
741 1784 802 1832 ideo
825 1784 954 1847 iubemus,
979 1786 1079 1831 duobus
1100 1785 1157 1831 istis

316 1848 448 1894 codicibus
459 1848 547 1894 omnio
557 1849 705 1908 gubernari,
718 1863 770 1897 uno
782 1853 1009 1915 constitutionum,
1017 1853 1102 1900 altero
1114 1853 1157 1898 in-

317 1915 353 1962 111
365 1914 505 1977 enucleati,
516 1919 544 1962 ct
555 1916 582 1960 in
593 1916 712 1962 futurum
724 1918 838 1965 codicem
851 1919 997 1982 compositi,
1010 1920 1053 1966 vel
1063 1920 1157 1980 siquid

313 1981 386 2029 atiud
397 1995 412 2028 a
422 1981 498 2027 nobis
508 1982 588 2029 tuerit
599 1983 790 2043 promulgetum
802 1986 1002 2033 Institutionum
1011 1987 1095 2034 vicem
1111 1988 1157 2033 ob-

313 2050 412 2112 tinens,
425 2053 455 2095 ut
464 2049 538 2096 rudis
549 2050 650 2097 animus
662 2052 776 2098 studiosi
787 2053 948 2113 simplicibus
957 2055 1092 2101 enutritus
1099 2087 1106 2115 ,
1118 2056 1157 2100 ta-

316 2116 393 2162 cilius
413 2117 445 2163 ud
466 2117 570 2164 altioris
586 2119 740 2176 prudentiae
756 2120 889 2181 redigatur
899 2122 1044 2169 scientiam.
1080 2123 1103 2181 ς.
1118 2123 1156 2166 12.

314 2184 437 2232 Nostram
447 2186 535 2232 sutem
544 2185 809 2251 consummationem,
830 2203 923 2250 quaes
946 2190 1020 2236 uobis
1041 2188 1089 2236 deo
1110 2200 1157 2234 en·

1201 510 1299 557 nueme
1307 509 1494 570 componetur,
1514 505 1683 567 Digestorum
1693 502 1738 553 vel
1746 500 1936 553 Pndectsrum
1950 515 2045 551 nomes

1201 576 1297 624 habere
1307 575 1451 633 nucinum
1469 574 1551 621 nullis
1562 573 1628 622 luris
1638 572 1733 635 peritis
1743 573 1771 620 111
1781 575 1915 631 posterum
1922 571 2045 619 sudenti-

1203 644 1250 688 bus
1261 642 1461 689 commentarios
1471 640 1513 688 illi
1523 642 1668 703 applicare,
1676 643 1703 688 et
1714 639 1874 688 verbositate
1891 650 1938 685 suu
1953 650 2047 699 supru-

1204 709 1268 756 dieti
1288 710 1384 755 codicis
1400 709 1582 767 compendium
1598 708 1772 771 contundere,
1795 707 2009 767 quemadmodum
2019 706 2046 751 iu

1202 776 1397 836 sntiqnioribus
1409 776 1568 835 temporibus
1580 777 1742 837 factumest,
1753 788 1833 834 quum
1844 788 1890 833 per
1899 772 2048 821 contrsriss

1204 843 1435 902 interpretantium
1446 844 1590 891 sententias
1605 846 1692 890 totum
1709 842 1749 888 ius
1765 841 2047 900 pseneeomnrbstum

1205 914 1260 968 est3
1294 911 1338 957 sed
1350 910 1460 957 sutiiciat
1477 924 1523 970 per
1542 911 1644 958 indices
1665 908 1843 957 tautummodo
1865 912 1892 956 et
1910 907 2047 956 titulorum

1203 976 1392 1039 subtilitatem,
1414 991 1480 1037 quae
1489 972 1636 1043 καράτιτλα
1646 976 1847 1036 nuncupentur,
1868 973 1994 1035 quaedum
2003 974 2049 1019 td·

1204 1044 1345 1091 monitoria
1354 1045 1413 1091 eius
1424 1047 1523 1105 iacere,
1545 1045 1620 1091 nullo
1630 1058 1664 1094 ex
1677 1042 1896 1102 interpretatione
1906 1054 1998 1089 eorum
2008 1040 2049 1087 si-

1205 1112 1244 1158 tio
1255 1111 1377 1159 oriundo.
1416 1114 1438 1173 t.
1453 1113 1492 1157 1³.
1505 1112 1545 1158 Ne
1561 1116 1648 1159 sutem
1666 1125 1713 1171 per
1729 1109 1885 1168 scripturam
1898 1108 1987 1168 aliqua
2003 1107 2047 1153 ilat

1204 1179 1233 1226 in
1243 1182 1376 1238 posterum
1386 1178 1524 1240 dubitatio,
1531 1179 1650 1227 iubemus
1660 1191 1713 1225 nou
1723 1190 1770 1235 per
1780 1176 1905 1235 siglorum
1912 1174 2050 1234 captiones

1203 1250 1233 1294 et
1243 1246 1428 1305 compendiose
1437 1246 1593 1309 aenigmata,
1604 1260 1669 1307 qnae
1679 1246 1774 1291 multas
1785 1257 1833 1303 per
1843 1255 1871 1288 se
1879 1245 1907 1289 et
1917 1255 1963 1301 per
1972 1254 2049 1288 suum

1206 1314 1300 1361 vitium
1318 1313 1477 1362 antinomias
1496 1314 1674 1375 induxerunt,
1691 1310 1809 1359 eiusdem
1826 1309 1925 1356 codicis
1945 1310 2049 1355 textum

1206 1381 1432 1443 conscribi,ctiesn
1441 1381 1465 1427 si
1477 1394 1600 1428 uumerus
1610 1381 1737 1428 librorum
1746 1375 1970 1437 significatur,sut
1977 1375 2050 1422 uliud

1205 1450 1361 1510 quidquem
1374 1463 1421 1496 nec
1433 1449 1528 1496 etenim
1538 1449 1602 1495 baec
1613 1462 1660 1507 per
1671 1444 1795 1506 specialia
1806 1443 1872 1501 sigla
1883 1455 2051 1489 numerorum

1207 1515 1382 1579 manifestari,
1402 1517 1448 1563 sed
1463 1529 1508 1574 per
1521 1515 1669 1562 litterarum
1685 1509 1896 1570 consequentiam
1911 1510 2049 1567 explanari

1208 1584 1381 1631 concedimus.
1418 1584 1442 1642 ς.
1454 1585 1492 1629 14.
1505 1582 1575 1629 llaec
1585 1582 1666 1640 igitur
1677 1579 1765 1626 omnis
1776 1579 1825 1625 deo
1840 1576 1944 1634 plscido
1962 1576 2049 1623 iecere

1208 1653 1254 1697 tua
1265 1649 1536 1710 prudentisunucum
1555 1649 1616 1696 aliis
1639 1643 1833 1695 iucundissimis
1852 1643 1917 1690 viris
1936 1643 2052 1704 studeat,

1209 1721 1236 1764 et
1248 1722 1300 1764 tum
1311 1717 1416 1778 subtili,
1427 1729 1502 1777 esuum
1513 1715 1648 1762 celerrimo
1660 1715 1708 1762 lini
1718 1712 1836 1775 medere,
1851 1713 1881 1756 ut
1892 1710 1976 1758 codex
1987 1723 2040 1757 eon

1209 1789 1359 1845 summates,
1372 1786 1397 1830 et
1408 1783 1436 1830 in
1447 1783 1637 1842 quinquaginta
1647 1782 1729 1829 libros
1743 1780 1859 1839 digestus
1868 1777 1945 1825 uobis
1956 1777 2053 1824 ottera-

1209 1856 1253 1899 tur
1263 1852 1291 1898 in
1300 1851 1439 1899 niaximum
1449 1854 1476 1897 et
1486 1855 1619 1898 aeternam
1628 1848 1668 1896 rei
1678 1846 1844 1908 memorium,
1860 1844 1955 1905 deique
1967 1843 2053 1890 omui-

1208 1920 1326 1978 potcntis
1337 1917 1517 1977 providentiae
1529 1919 1724 1979 argumentum,
1734 1913 1871 1973 nostrique
1881 1910 1996 1973 imperii,
2007 1922 2054 1958 ve·

1209 1988 1308 2047 utrique
1319 1985 1459 2033 ministerii
1476 1984 1597 2044 gloriam.
1632 1984 1710 2032 Data
1725 1981 1912 2030 octavodecimo
1925 1979 2054 2026 Kalendis

1209 2056 1355 2111 ianuariis,
1361 2052 1502 2114 Lampadio
1512 2058 1541 2100 et
1551 2052 1643 2104 Oreste
1653 2052 1717 2101 111111
1730 2049 1882 2099 elerum
1891 2046 2053 2097 mutus.

317 2434 2034 2474 w·

549 2640 1226 2880 Clib'lilRlild'l'lObllJEli3
1282 2768 1823 2879 ultiustouuu.

317 3081 420 3174 [1111
452 3079 753 3156 0110111111
789 3079 909 3156 νον
936 3078 1285 3156 Anznoror
1314 3084 1422 3153 rent
1456 3059 1530 3152 ὅν
1562 3067 1752 3150 nunu
1781 3052 1891 3147 ιῑίτ
1928 3051 2048 3161 Χῖ]

660 3222 988 3273 ΑΤΤΟΚΡΑΊΏΡ
1011 3222 1199 3274 ΚΑΙΣΑΡ
1227 3219 1297 3271 ΦΛ.
1330 3215 1702 3274 ῙΟΥΣΤῙΝῙΛΝΟΣ,

311 3308 517 3387 Ἄλαμαννικὸς,
530 3309 680 3379 Γοτθικὸς,
700 3304 864 3388 (άραμκικὸς,
879 3307 1064 3387 Γερμανικὸς,
1075 3305 1377 3379 '.·1enuie‚’Atarobe,
1391 3302 1567 3372 Βανὸαλικὸς
1573 3349 1582 3374 ,
1592 3297 1768 3382 Ἅφρικσνάς,
1781 3297 1912 3379 oboedir,
1923 3298 2051 3374 sirmii,

314 3393 440 3462 ἔνδοξος,
462 3391 572 3465 ναιητὴς
581 3438 589 3463 ,
610 3395 816 3471 ιροαοιιοῦχος,
835 3389 1012 3467 decipiuntur
1025 3388 1205 3468 Αὔγουστος,
1230 3390 1263 3471 τῇ
1277 3389 1384 3470 μεγάλη
1398 3389 1500 3470 βουλῇ,
1513 3390 1563 3448 καὶ
1573 3384 1611 3464 τῷ
1626 3383 1719 3470 ὄήμρ,
1739 3387 1789 3445 καὶ
1805 3381 1909 3451 πάσαις
1925 3391 1989 3451 ταῖς
2002 3382 2052 3455 τῆς

974 3476 1139 3549 οἰκουμένης
1165 3471 1242 3550 ἡμων
1265 3472 1386 3533 πόλεσιν.

316 3557 449 3639 Artaxer
459 3586 546 3655 tinini
560 3591 623 3647 θεὸς
633 3592 699 3657 μετά
708 3590 829 3658 τὴνπρὸς
840 3591 943 3656 Πίρσας
951 3584 1069 3656 εἰρήνην,
1083 3588 1155 3655 ’μετὰ

315 3655 346 3707 τά
359 3654 425 3704 κατά
435 3657 574 3707 Βανδίλων
584 3664 723 3725 τροπαῖον)
744 3659 786 3707 καὶ
796 3657 843 3721 τὴν
853 3659 899 3720 τῆς
912 3654 973 3719 ὅλης
983 3654 1086 3719 Λιβύης
1096 3657 1156 3719 κνῆ·

316 3738 371 3784 σιν,
391 3724 434 3773 καὶ
449 3723 497 3786 τὴν
512 3726 559 3788 τῆς
578 3722 791 3788 ὄνομαστοτάτης
806 3721 980 3791 Καρχηδόνος
996 3718 1157 3787 ἰαανάληιμιν

316 3791 360 3838 καὶ
374 3787 406 3837 τά
416 3791 464 3853 τῆς
473 3791 665 3846 inaequitatem
677 3792 740 3858 [τῶν
750 3791 865 3839 παλαίων
877 3786 964 3855 νόμων
974 3789 1059 3856 ἔργον]
1071 3791 1106 3844 εἰς
1115 3789 1157 3838 πέ-

315 3874 363 3923 ρας
382 3851 500 3920 ᾆμαμεῖν,
521 3854 597 3938 [ὅπερ
608 3854 703 3923 uidete]
720 3860 772 3906 τῶν
791 3874 809 3906 n
828 3851 1158 3920 δημάνβεβασιλευκάτων

316 3920 403 4002 pinei)
422 3917 482 3971 or'nii
501 3925 537 3980 εἰς
552 3941 613 3973 νουν
626 3922 775 3988 βάλλεσθαι
793 3874 952 3986 ἤλπισινάν,
975 3920 1034 3971 οἵτε
1046 3920 1157 3971 δυνατὸν

316 3988 385 4043 σλως
406 3988 449 4055 [τῇ
465 3984 618 4056 ἀνθρωπίνῃ
637 3989 723 4055 μάσω]
740 3986 806 4039 αὐτὸ
823 3988 855 4037 άν
865 3990 1005 4053 ἐνομίσθη.
1041 3983 1159 4055 [Ἢνμάρ

316 4053 483 4117 θαυμαστὸν,
493 4050 685 4122 τῆνῬοηιαίων
694 4060 858 4121 comedentur
869 4051 920 4104 άτιὸ
931 4057 979 4104 τοῦ
989 4055 1037 4117 τῆς
1047 4059 1159 4122 πρεσβυ-

314 4121 391 4188 τέρας
405 4115 513 4185 Ῥώμης
531 4125 672 4187 κτίσματος
693 4126 757 4190 ιε’χρι
769 4125 822 4171 τῶν
832 4124 863 4184 τῇ
868 4140 878 4176 ς
890 4117 1017 4189 ἧμετίριις
1026 4123 1158 4185 βασιλείας

312 4183 430 4255 χριῗνυν,
447 4186 520 4254 οἵπερ
531 4185 597 4252 άμηὶ
607 4142 718 4250 adplicre
728 4190 771 4238 καὶ
781 4184 936 4255 τετρακόσια
947 4189 990 4250 11η
1003 4191 1158 4255 συντρίχου-

314 4252 376 4320 σιν,]
387 4249 434 4302 oda
444 4254 470 4302 iv
480 4260 535 4309 τοῖς
545 4254 634 4311 ἄλλοις
642 4254 739 4321 μόνον,
761 4252 824 4304 ἀλλά
845 4255 887 4304 καὶ
898 4254 924 4302 ἐν
939 4260 996 4310 ταῖς
1015 4256 1160 4319 βασιλικαῖς

314 4317 447 4379 diuortium
462 4318 528 4389 πρὸς
545 4318 646 4373 ἅπασαν
663 4318 728 4372 diets
746 4325 894 4388 συμφωνίαν
910 4338 938 4371 τε
949 4323 993 4371 καὶ
1008 4321 1158 4389 donnoniae,
1179 4348 1180 4351 =

1209 3589 1252 3639 sui
1268 3587 1300 3638 τὸ
1315 3589 1364 3655 μὶν
1378 3586 1531 3656 μαχόμενον
1545 3583 1627 3651 αὐτῆς
1643 3585 1751 3647 liutein,
1770 3581 1802 3633 τὸ
1821 3579 2053 3634 dimittimini

1209 3653 1304 3738 ὅμοιον
1319 3655 1465 3720 liuticos,
1486 3656 1550 3722 μίαν
1567 3653 1596 3703 di
1612 3650 1677 3720 αὐτῇ
1688 3647 1798 3705 κάλλους
1808 3650 1892 3700 sicitas
1901 3653 2051 3716 παρασχεῖν,

1210 3737 1275 3772 υστε
1285 3720 1328 3772 ἵνα
1337 3722 1384 3772 τάν
1396 3725 1513 3787 κείμινον
1522 3716 1561 3786 ἐφ’
1572 3718 1669 3782 induam
1681 3712 1843 3767 καθιστάναι
1855 3712 1994 3783 πράγματι
2004 3711 2052 3763 νά-

1208 3806 1275 3854 μον,
1297 3791 1345 3853 τῆς
1363 3789 1468 3840 ἄνωθεν
1486 3787 1569 3853 ῥοπῆς
1575 3822 1583 3847 ,
1602 3786 1647 3836 καὶ
1663 3785 1710 3847 τῆς
1726 3783 2052 3851 ἔκιῐθςνφιλονθριηιείας

1210 3855 1278 3937 ἴβιον
1288 3849 1327 3936 η’ν,
1334 3852 1448 3937 titileia
1459 3851 1629 3937 άνβρυριίνηρ
1637 3849 1707 3931 τινάς
1717 3847 1864 3931 διανρίοςηῆ
1876 3845 2053 3916 ίγχαρήσευς,

1210 3921 1482 4056 intuuntur.
1492 3982 1756 4039 n..
1763 3915 2054 4046 intumuit:

1210 4053 1290 4104 αὑτὸν
1301 4056 1450 4119 συλλαβεῖν,
1468 4048 1661 4120 ἐνεχειρήσαμέν
1671 4067 1700 4099 τι
1710 4049 1753 4098 καὶ
1761 4046 1793 4098 τά
1803 4050 1854 4098 πᾶν
1864 4043 2053 4132 ἐξειργασάμτι

1211 4125 1267 4178 θα.
1288 4122 1453 4189 Τριβανιανῷ
1473 4122 1509 4184 τῷ
1526 4113 1686 4180 ἰνδοξοτάτῳ
1695 4117 1847 4183 μαμίσιρφ,
1864 4117 1907 4165 ani
1916 4113 1969 4169 αιτό
1979 4129 2055 4162 κυαν-

1211 4183 1311 4255 σιάρων
1330 4189 1379 4237 τοῦ
1396 4191 1477 4236 θείου
1494 4183 1719 4252 ἡμάνπαλαιίσυ,
1737 4182 1781 4231 aui
1798 4178 1904 4231 ὑπάτων
1920 4180 1987 4248 πρὸς
2004 4183 2052 4242 κήν

1212 4252 1276 4316 ὅλην
1287 4250 1353 4302 ίπου
1369 4256 1429 4317 μίαν
1435 4250 1607 4320 χρησάμενοι,
1618 4253 1663 4300 καί
1670 4264 1737 4300 τισιν
1747 4246 1836 4304 ἄλλοις
1845 4246 1962 4305 ἐνδόξοις
1970 4265 2000 4297 τε
2010 4249 2056 4297 καὶ

1211 4325 1301 4387 σοφοῖς
1320 4272 1458 4389 triptota,
1479 4319 1622 4388 ἐρωτῶντες
1639 4318 1688 4383 μὶν
1705 4310 1747 4367 aiei
1761 4312 1793 4365 sd
1805 4309 1968 4381 parvipendo,
1980 4312 2014 4364 τὸ
2025 4312 2056 4365 tt

564 4586 883 4652 IMPERATOR
919 4587 1126 4653 CAESAR
1164 4585 1394 4651 FLAVlUS
1433 4580 1804 4660 IUSTlNlANUS,

316 4692 631 4753 armnsunrcus,
662 4692 882 4754 eorumne,
909 4691 1158 4753 Francicus,
1185 4690 1466 4752 Germanicum
1495 4688 1683 4751 auriono,
1711 4682 1930 4748 eunoicus,
1954 4684 2057 4731 vnn.

316 4758 505 4823 panicus,
539 4758 784 4813 AFRICANUS,
815 4760 923 4819 orris,
952 4759 1087 4821 nuum,
1117 4758 1334 4821 uncturus,
1364 4756 1517 4803 vrcron
1548 4756 1596 4802 ac
1626 4751 1923 4801 rariimrnnroa
1953 4751 2059 4797 snm.

625 4824 701 4869 rnu
734 4826 968 4887 arnusrus,
1000 4825 1051 4870 au
1080 4826 1275 4872 arenarum
1304 4826 1354 4872 nr
1384 4824 1520 4871 onnus
1549 4820 1742 4869 rotunda

320 4888 424 4971 Tanta
435 4926 503 4972 circa
513 4939 562 4972 σοι
574 4924 679 4971 divinae
696 4925 865 4971 buinanitutis
882 4929 921 4972 est
937 4924 1117 4988 providentia,
1137 4932 1165 4972 ut

318 5004 420 5050 semper
441 4993 555 5038 oeternis
577 4992 777 5038 liberalitutibus
798 5006 847 5037 ssns
868 4996 1013 5039 nusteutare
1032 4992 1162 5051 dignetur.

320 5059 381 5105 Post
392 5057 461 5103 bella
472 5058 540 5104 enim
552 5058 671 5104 Parthico
681 5063 789 5105 aeterna
799 5072 860 5116 poce
871 5059 965 5121 sopite,
976 5063 1083 5119 postque
1094 5062 1164 5107 usn-

318 5124 428 5171 dslicsm
448 5127 550 5182 gentem
572 5127 700 5186 ereptam,-
722 5129 747 5171 et
768 5125 962 5187 compaginem,
982 5127 1059 5175 immo
1080 5128 1163 5186 magis

319 5204 421 5236 ornnem
431 5190 537 5249 Libyam
550 5190 779 5249 rorncnoimpcrio
791 5192 882 5240 iterum
895 5192 1033 5255 sociatum,
1057 5198 1082 5239 et
1092 5193 1162 5252 leges

319 5256 437 5312 antiquas
448 5258 498 5302 ium
519 5255 592 5301 senio
613 5262 794 5314 procuraretur
815 5271 861 5315 per
876 5260 1162 5324 nosnumr'igiiantipm

320 5322 439 5382 praebuit
451 5323 477 5368 in
488 5334 583 5367 notum
594 5322 807 5380 pulchritudinem
820 5331 844 5370 et
855 5327 1012 5372 moderatum
1023 5327 1161 5384 pervenire

320 5388 513 5449 compendium
533 5387 601 5444 qnod
622 5400 697 5433 nemo
706 5394 768 5436 arste
781 5395 896 5437 nostrum
908 5391 1041 5448 imperium
1053 5404 1162 5447 unquam

320 5458 445 5517 sperent,
454 5468 536 5511 neque
545 5456 656 5500 numano
669 5454 775 5512 ingenio
788 5456 912 5514 possibile
922 5469 979 5503 esse
989 5459 1090 5515 penitus
1102 5457 1161 5506 eui·

320 5522 442 5570 stimsvit.
479 5523 544 5567 Erat
564 5520 632 5565 enim
650 5520 783 5583 mirabile,
806 5535 939 5571 romanam
954 5525 1114 5571 sanctionem
1130 5525 1161 5570 ab

321 5589 384 5637 urbe
393 5587 498 5635 condita
508 5599 586 5642 usquc
597 5586 628 5631 ud
640 5587 722 5632 nostri
735 5588 836 5647 imperii
848 5595 978 5650 tempora,
997 5604 1062 5650 quse
1079 5604 1161 5649 psene

323 5657 349 5705 in
362 5653 432 5701 tuille
443 5658 468 5701 et
477 5652 766 5713 quadringentesimum
774 5662 938 5719 concurrunt,
947 5657 1077 5705 intestinis
1084 5671 1160 5717 proc·

322 5722 367 5769 iiis
379 5720 552 5781 vacillantem,
564 5717 660 5773 hocque
671 5724 695 5763 et
707 5718 733 5764 in
746 5721 894 5778 imperiales
904 5725 1102 5773 constitutiones
1113 5738 1160 5774 ex-

1216 4927 1363 4984 tendentem
1372 4925 1400 4972 in
1410 4938 1488 4972 unam
1498 4924 1624 4973 reducere
1635 4919 1844 4984 consumentium,
1854 4921 1885 4967 ut
1893 4917 1963 4966 1111111
1973 4930 2058 4974 nouum

1216 4992 1388 5053 contrsrium,
1400 5006 1481 5051 neque
1491 4991 1573 5054 idem,
1584 5004 1665 5048 neque
1675 4989 1759 5037 simile
1769 4988 1797 5034 lo
1808 5000 1840 5035 es
1848 4985 2012 5045 inuenietur,
2030 4992 2058 5031 et

1216 5072 1248 5107 ne
1260 5060 1376 5119 geminae
1387 5060 1457 5118 teges
1468 5072 1515 5117 pro
1526 5060 1603 5105 nebus
1612 5056 1723 5116 singulis
1739 5055 1840 5114 positae
1853 5065 1959 5111 usquam
1974 5063 2057 5110 eppa-

1214 5129 1297 5174 reent.
1327 5128 1440 5183 Namque
1450 5125 1499 5173 hoc
1508 5125 1628 5174 coelestis
1638 5123 1739 5183 quidem
1748 5121 1933 5182 providentioe
1941 5119 2059 5176 peculiu-

1214 5207 1243 5241 re
1255 5194 1318 5255 init,
1338 5193 1464 5240 bumsnsc
1475 5205 1538 5240 vero
1552 5189 1724 5240 imbecillitati
1735 5190 1809 5237 ursilo
1824 5189 1903 5237 modo
1920 5184 2057 5246 possibile.

1214 5262 1269 5307 Nos
1280 5260 1365 5317 itaque
1378 5273 1449 5306 more
1459 5259 1539 5308 solito
1549 5261 1583 5307 ud
1593 5256 1796 5306 immortalitatis
1806 5255 1969 5315 respeximus
1978 5264 2059 5312 prse-

1214 5326 1315 5386 sidium‚
1326 5327 1352 5372 ct
1363 5336 1461 5373 summo
1469 5328 1575 5375 numine
1585 5327 1706 5374 invocato
1716 5323 1792 5371 deam
1801 5325 1932 5370 cumomni
1941 5323 1967 5366 et
1976 5317 2059 5365 totins

1214 5392 1301 5449 operis
1315 5393 1458 5450 praesulem
1467 5392 1524 5441 deri
1535 5392 1694 5454 optavimus,
1714 5393 1742 5438 et
1752 5402 1827 5438 omne
1837 5387 1950 5435 studium
1960 5385 2059 5433 Tribu-

1213 5459 1294 5505 nisno
1304 5492 1312 5520 ‚
1324 5459 1382 5506 viro
1394 5460 1514 5523 excelso,
1525 5461 1653 5519 Megisten
1662 5456 1818 5519 ciliciorum,
1838 5458 1866 5503 et
1874 5454 2058 5512 lixqussstore

1213 5526 1282 5573 sacri
1295 5526 1379 5575 uost'ri
1390 5527 1483 5586 pulstii
1499 5532 1524 5574 et
1534 5526 1685 5576 Exeousulc
1694 5523 1868 5585 credidimus,
1889 5521 1964 5577 eique
1980 5531 2060 5573 omne

1213 5593 1385 5642 ministerium
1396 5594 1570 5645 huiuscemodi
1581 5591 1756 5642 ordinationis
1766 5589 1949 5649 imposuimus,
1960 5590 1989 5632 ut
2000 5584 2060 5644 ipse

1213 5672 1265 5708 uus
1275 5675 1331 5708 cum
1340 5661 1401 5709 eliis
1412 5662 1555 5709 illustribus
1575 5665 1602 5710 et
1624 5657 1831 5719 prudentissimis
1851 5655 1918 5703 virts
1939 5658 2060 5700 nostrum

1214 5728 1367 5776 desiderium
1379 5728 1539 5788 adimpleret.
1576 5730 1673 5775 Nostro
1692 5736 1791 5783 quoque
1813 5723 1939 5786 metans,
1955 5729 2060 5781 semper
