4356 6440
353 319 401 375 stu

352 476 367 510 s
377 462 459 509 malae
470 458 528 504 tidei
540 464 687 514 possessore
695 451 806 509 petatur,
815 450 840 495 et
850 448 947 494 bucina
957 442 1110 493 aestimandi
1120 444 1189 503 sunt,

352 535 379 576 nt
391 529 419 573 in
431 527 538 572 taberna
548 524 574 567 et
585 532 661 577 arca,
674 530 738 575 quae
748 516 829 562 locari
841 515 934 561 solent.
966 514 1041 567 Quod
1052 525 1106 558 nou
1115 515 1154 560 est
1164 509 1190 557 ei

352 592 518 652 contrarium,
529 588 596 646 quod
607 587 638 632 de
649 585 758 643 pecunia
768 582 900 644 deposita,
912 594 986 640 quam
996 582 1072 627 lieres
1084 592 1138 627 noo
1148 584 1189 625 at·

354 661 442 722 tingit,
450 669 540 705 usuras
549 656 680 714 praemere
691 664 745 697 sson
756 651 868 709 cogitur.
883 651 949 696 Nam
959 647 1011 695 etsi
1021 647 1133 697 manime
1143 659 1189 694 ve-

354 737 439 788 ctura,
451 727 517 771 sicut
528 734 622 783 usura,
633 732 686 764 non
697 722 789 764 natura
798 715 933 777 prouenit,
955 716 1000 763 sed
1010 716 1067 764 inre
1077 714 1189 775 percipi-

353 803 404 855 iur,
415 800 499 840 tamen
509 791 568 837 ideo
580 790 686 834 vectura
696 785 840 833 desiderari
853 787 945 845 potest,
953 782 1076 841 quoniam
1086 782 1188 841 pericu-

353 865 404 910 lum
415 860 488 909 novis
499 869 632 917 possessor
643 854 750 913 petitori
763 855 894 910 praestare
905 865 958 899 non
969 852 1053 911 debet,
1060 863 1135 906 quum
1144 863 1189 908 pe·

353 930 430 979 cunia
441 927 556 985 periculo
568 922 655 970 dantia
665 922 824 967 incuteretur.
854 921 877 978 β.
891 921 912 965 l.
920 917 1083 966 Generaliter
1094 921 1189 975 autem,

353 1010 410 1042 enm
419 996 451 1041 de
463 993 588 1039 tractibus
599 988 765 1036 aestimandis
777 986 926 1048 quueritur,
942 987 1057 1045 cossatat,
1073 983 1189 1030 animad-

353 1063 421 1110 uerti
433 1061 537 1123 debere,
548 1071 601 1106 non
616 1070 650 1103 sn
660 1056 743 1102 malae
753 1054 813 1101 idei
823 1066 957 1113 possessor
967 1052 1062 1099 iruitus
1073 1051 1126 1111 sii,
1145 1050 1189 1097 sed

353 1144 386 1176 an
399 1128 495 1188 petitor
506 1126 559 1173 troi
571 1124 700 1185 potuerit,
722 1122 744 1169 si
755 1122 778 1168 ei
796 1122 931 1181 possidere
947 1120 1072 1167 licuisset.
1108 1117 1190 1170 Quam

352 1196 508 1245 sententiam
517 1194 635 1241 lulianus
646 1203 746 1251 quoque
756 1191 859 1248 probat.

403 1262 496 1309 imru.
509 1264 527 1309 1
532 1263 549 1308 d
554 1276 567 1308 s
575 1277 599 1308 io
609 1261 675 1307 libro
690 1258 754 1304 XII.
767 1259 957 1315 Quaestionum.
993 1256 1020 1302 Si
1032 1253 1125 1315 culpa,
1136 1266 1190 1299 non

352 1331 443 1378 lmudc
453 1330 511 1386 quis
523 1327 713 1389 possessionem
724 1322 854 1384 amiserit,
865 1323 986 1382 qnoniam
996 1320 1051 1381 pati
1062 1321 1137 1368 debet
1147 1333 1190 1367 ae-

353 1398 542 1457 stimationem,
555 1394 698 1443 audiendus
709 1390 759 1438 erit
769 1405 785 1437 a
796 1391 895 1451 iudice,
906 1391 929 1437 si
940 1390 1084 1449 desideret,
1107 1392 1135 1435 ut
1145 1389 1190 1434 ad-

355 1464 486 1511 versarius
498 1462 614 1512 actiones
625 1473 685 1507 suas
696 1459 782 1515 cedut;
804 1471 882 1517 quum
893 1461 977 1505 tumen
989 1458 1099 1503 Praetor
1109 1456 1134 1502 ei
1145 1468 1191 1502 au.

354 1532 450 1579 uilium
465 1531 617 1591 quandoque
633 1528 734 1574 iuturus
750 1526 800 1585 sit,
823 1525 939 1584 quolibet
955 1524 1008 1570 alio
1032 1523 1190 1581 possidonio,

354 1598 428 1645 inulla
439 1598 558 1656 captione
569 1596 703 1645 afficietur.
739 1597 798 1652 ipso
810 1605 926 1655 quoque,
946 1590 990 1649 qui
1000 1591 1056 1636 litis
1070 1589 1191 1637 aestima-

355 1668 452 1714 tionem
464 1664 587 1725 percepit,
598 1662 760 1722 possidente,
772 1661 846 1708 debet
857 1658 985 1719 adiuvari,
997 1671 1044 1705 nee
1056 1657 1133 1704 lacile
1144 1669 1191 1702 au-

355 1733 462 1780 diendus
474 1732 524 1779 erit
536 1732 590 1791 ille,
597 1732 619 1775 si
633 1730 696 1775 velit
704 1732 792 1787 postea
802 1727 947 1787 pecuniam,
956 1739 1031 1784 quarn
1041 1738 1076 1773 ex
1086 1727 1192 1771 senten-

355 1801 392 1847 tia
404 1799 498 1845 iudicis
508 1797 626 1856 periculo
637 1797 744 1842 iudicati
755 1796 862 1855 recepit,
882 1794 1031 1841 restituere.

406 1865 496 1911 LXIV.
514 1866 605 1910 Idem
620 1864 687 1909 libro
705 1862 769 1909 XX.
787 1864 980 1921 Quaestionum.
1015 1861 1077 1907 Cum
1093 1859 1121 1905 in
1138 1871 1193 1905 rem

355 1932 455 1993 agitur,
466 1944 556 1978 eorum
566 1943 666 1989 quoque
676 1928 791 1991 nomine,
799 1942 864 1989 quae
874 1929 943 1991 usui,
950 1940 1004 1975 uon
1015 1927 1111 1975 tructui
1122 1929 1192 1986 sunt,

356 1998 461 2047 restitui
472 2000 571 2045 tructus
582 2001 682 2044 certum
692 2000 740 2043 est.

407 2065 482 2112 bxv.
497 2067 582 2113 idern
594 2065 659 2111 libro
670 2065 710 2109 11.
717 2065 915 2123 Responsorum.
950 2063 1041 2110 Emior
1050 2061 1193 2121 praedium,

357 2134 424 2193 quod
435 2147 450 2180 a
461 2148 515 2180 non
524 2129 628 2179 domino
641 2129 712 2191 emit,
720 2131 874 2190 exceptione
886 2130 939 2177 doti
951 2130 1070 2190 opposita
1080 2142 1134 2176 non
1145 2127 1194 2174 oli-

357 2207 398 2249 tcr
407 2202 546 2247 restituere
556 2198 662 2246 domino
673 2203 795 2258 cogetur,
809 2212 884 2257 quam
894 2198 916 2243 si
926 2197 1060 2257 pecuniam
1071 2195 1194 2244 creditori

358 2269 413 2316 cius
424 2269 552 2330 solutum,
569 2268 612 2325 qui
625 2265 728 2324 pignori
740 2267 828 2312 datum
837 2266 969 2324 praedium
980 2264 1079 2327 babuit,
1101 2276 1194 2310 usura-

357 2350 463 2394 ruusque
474 2336 550 2387 nudii
562 2334 685 2392 temporis
700 2335 856 2391 supcrtluum
867 2332 1073 2391 recuperaverit,
1094 2330 1195 2378 scilicet

356 2404 379 2448 si
390 2403 475 2449 miuus
486 2403 514 2448 in
528 2402 655 2449 fructibus
665 2404 726 2446 ante
738 2399 811 2446 litem
820 2402 994 2447 contestatam
1008 2399 1136 2459 perceptis
1153 2399 1195 2443 in-

357 2470 416 2516 erit.
434 2472 500 2516 Nam
512 2481 558 2515 eos
567 2467 655 2514 usuris
666 2466 742 2513 novis
753 2466 881 2512 duntaxat
892 2467 1196 2529 compensari,sumtuum

359 2537 386 2582 in
396 2536 529 2596 praedium
541 2536 669 2582 tactorum
679 2533 814 2595 exemplo,
835 2546 944 2590 aequum
954 2536 1002 2580 est.
1039 2537 1062 2594 p.
1074 2536 1094 2579 l.
1105 2532 1196 2580 Ancil-

359 2605 423 2666 lam,
445 2617 510 2661 quae
520 2616 573 2649 uon
584 2603 612 2649 in
624 2602 710 2649 dotem
722 2600 796 2662 dats,
815 2600 859 2646 sed
871 2599 898 2645 in
908 2600 1038 2658 peculium
1048 2601 1117 2647 tiliae
1133 2613 1195 2647 eon-

359 2684 430 2718 cessa
441 2674 495 2733 est,
515 2668 617 2730 peculio
629 2669 699 2716 tiliae
710 2682 764 2715 uon
776 2667 879 2727 legato,
898 2668 1056 2727 mancipium
1066 2667 1195 2714 beredita-

360 2740 428 2785 rium
438 2751 496 2785 esse
508 2737 639 2784 convenit.
675 2736 703 2782 si
714 2738 800 2781 tamen
811 2739 885 2792 pater
896 2734 965 2782 dotis
975 2748 1006 2781 ac
1021 2734 1118 2794 peculii
1133 2746 1196 2779 con-

360 2804 528 2865 templatione
538 2804 618 2851 liliam
628 2801 814 2861 exheredavit,
825 2804 853 2847 et
862 2815 894 2848 ea
903 2802 1007 2849 ratione
1017 2801 1119 2849 reddita
1129 2800 1195 2846 nihii

359 2874 383 2920 ei
394 2875 549 2919 testamento
558 2870 678 2930 reliquit,
688 2873 734 2917 aut
745 2882 776 2916 eo
787 2868 872 2916 minus
882 2868 995 2933 legavit,
1016 2868 1097 2916 tiliam
1107 2868 1195 2915 deleu-

359 2939 399 2987 sio
410 2941 525 2987 tuebitur
536 2936 688 2984 voluntatis.

409 3007 499 3053 ixvr.
510 3005 593 3052 Paul
600 3017 635 3051 us
645 3004 713 3050 libro
726 3005 763 3050 11.
777 3005 971 3063 Quaestionum.
1006 3004 1066 3051 Non
1077 3002 1136 3049 idco
1147 3001 1196 3049 mi-

358 3075 408 3120 n'us
418 3076 490 3120 recte
499 3072 561 3129 quid
571 3074 688 3118 nostrum
698 3083 754 3118 esse
764 3071 959 3133 vindicabimus,
966 3072 1034 3130 quod
1044 3070 1116 3117 abire
1127 3082 1196 3115 sno-

359 3141 397 3187 bis
409 3140 551 3187 dominium
561 3142 689 3200 speratur,
700 3138 723 3184 si
734 3138 851 3186 conditio
862 3137 944 3199 legati
955 3138 998 3184 vel
1007 3137 1138 3185 libertatis
1149 3149 1196 3185 ex·

357 3209 462 3256 stiterit.

407 3277 509 3323 bxvn.
523 3275 686 3323 Scaeuola
704 3275 771 3322 libro
791 3274 816 3320 1.
836 3273 1032 3333 Responsoruus.
1066 3272 1087 3317 Λ
1108 3273 1195 3318 tistorc

357 3343 449 3402 pupilli
460 3344 562 3390 domurn
573 3354 716 3402 mercatus,
737 3342 769 3387 ad
780 3340 837 3389 eius
854 3340 1023 3388 reiectionem
1039 3339 1139 3385 labrum
1154 3338 1196 3383 in-

359 3409 448 3465 duxit,
470 3410 492 3454 is
503 3407 758 3466 pecuniamiurenit.
795 3406 951 3467 Quaeritur:
973 3407 1005 3452 ad
1022 3418 1098 3464 quesn
1112 3406 1194 3464 perti-

360 3477 437 3521 nenti
448 3475 591 3533 Respondi:
603 3476 625 3521 si
636 3488 688 3523 nou
701 3474 814 3520 thesauri
826 3474 941 3532 inerunt,
952 3473 996 3519 sed
1006 3472 1117 3530 pecunia
1126 3473 1195 3519 iorte

360 3540 475 3602 perdita,
486 3540 529 3587 vel
539 3554 584 3598 per
594 3556 710 3589 errorem
721 3542 754 3588 ab
764 3555 811 3595 eo,
831 3539 863 3585 ad
874 3544 947 3597 quem
957 3539 1118 3602 pertinebat,
1141 3552 1194 3585 non

359 3608 453 3667 ablate,
465 3606 634 3653 nibilominus
644 3609 699 3654 eiua
710 3620 767 3655 eam
777 3620 841 3666 esse,
853 3606 924 3652 cuius
934 3607 1028 3653 tuerat.

401 3674 516 3721 LXVlll.
528 3674 693 3735 Ulpianus
702 3675 769 3721 libro
780 3674 825 3719 LI.
837 3672 875 3718 erl
889 3673 1015 3719 Edictum.
1049 3674 1101 3728 Qui
1117 3673 1194 3722 resti-

359 3744 433 3789 tuere
444 3741 530 3788 iussus
540 3741 619 3787 badici
629 3755 682 3788 uon
692 3745 779 3801 paret,
790 3740 951 3787 contendens
961 3753 1015 3786 non
1026 3754 1101 3799 posse
1112 3756 1141 3788 se
1150 3755 1193 3788 re·
1208 3760 1213 3767 ¹

359 3808 484 3869 stituere,
504 3808 631 3867 siquidem
640 3808 732 3854 habeat
742 3823 812 3869 rem,
823 3820 901 3855 maun
912 3806 1022 3853 militari
1033 3808 1116 3855 oilleio
1127 3808 1194 3854 iudi·

359 3874 396 3921 cis
412 3875 443 3920 ub
463 3888 495 3920 eo
515 3874 646 3933 possessio
666 3877 838 3937 transierint,
858 3879 886 3922 et
905 3875 1035 3921 fructuum
1056 3875 1193 3935 duntaxat,

359 3940 708 3999 omnisquemussenomine
728 3941 969 3989 condemnationi.
1006 3941 1034 3988 Si
1055 3955 1119 3991 vero
1139 3956 1193 3990 non

358 4011 445 4068 potest
456 4009 604 4069 restituere,
615 4008 741 4067 siquidem
750 4009 811 4055 doio
821 4009 892 4066 iecit,
902 4021 954 4068 quo
964 4007 1049 4055 minus
1060 4010 1151 4072 possit,
1161 4009 1193 4073 is,

358 4077 483 4134 quantum
492 4075 656 4122 sdversarius
667 4075 695 4120 in
704 4074 777 4122 litem
787 4075 845 4124 alne
855 4077 910 4122 ulla
920 4076 1055 4125 taxatione
1066 4078 1093 4124 in
1105 4078 1194 4124 influi-

359 4151 414 4189 tnm
426 4142 566 4201 iuraverit,
587 4142 746 4190 damnandus
756 4146 803 4190 est.
839 4144 867 4190 Si
878 4156 940 4192 vero
955 4157 1003 4190 nee
1018 4149 1106 4204 potest
1116 4145 1194 4193 reati-

360 4216 449 4269 tuere,
460 4223 508 4257 nec
518 4208 581 4256 doio
592 4209 668 4271 iecit,
680 4222 731 4269 quo
742 4210 827 4257 minus
837 4210 934 4273 possit,
946 4212 1107 4275 conpluris,
1119 4225 1195 4272 quaes

358 4278 448 4339 quanti
460 4290 501 4324 res
512 4280 565 4337 est,
578 4277 653 4323 idest
664 4278 754 4336 quanti
765 4279 908 4325 adversarii
919 4279 1052 4344 interluit,
1074 4282 1194 4328 condem-

359 4346 461 4394 nnndus
470 4348 518 4392 est.
542 4345 612 4392 llaec
624 4345 945 4411 sententlegenerulisest,
957 4348 1026 4393 etad
1038 4347 1194 4408 omnis,aive

359 4414 513 4471 interdicta,
525 4414 580 4459 sire
591 4413 715 4469 actiones,
728 4414 818 4460 cisive
829 4414 930 4475 iurem,
952 4414 1007 4459 sive
1019 4414 1046 4459 iss
1058 4426 1195 4472 personam

359 4480 428 4540 sint,
449 4481 587 4539 exquibus
597 4478 725 4526 arbitratu
737 4479 831 4526 indicis
847 4481 908 4538 qaid
921 4480 1086 4543 restituitur,
1107 4482 1194 4527 locam

358 4545 445 4593 habet.
704 4548 708 4557 “

409 4612 500 4659 LXIX.
513 4613 638 4661 Paulus
648 4614 715 4660 libro
727 4613 996 4662 X111.uclSubissum.
1014 4614 1066 4677 ⁸1s,
1078 4615 1122 4672 qui
1134 4614 1194 4661 dolo

362 4676 437 4736 lecit,
456 4692 507 4735 quo
517 4681 602 4726 minus
613 4681 771 4740 possideret,
791 4682 839 4727 lsoc
850 4695 951 4740 quoque
961 4680 1066 4727 nomine
1078 4680 1194 4744 punitur,

361 4744 427 4799 quod
438 4749 511 4792 actor
522 4759 613 4795 cauere
623 4748 649 4794 ei
659 4761 712 4793 non
722 4748 811 4809 debet,
822 4748 948 4811 actiones,
960 4761 1022 4805 quas
1032 4748 1088 4794 eins
1098 4748 1136 4795 rei
1147 4762 1194 4796 no-

362 4807 430 4854 mine
441 4810 538 4869 babeat,
549 4826 577 4860 se
589 4813 613 4859 ei
624 4817 822 4872 praestaturum.

412 4874 490 4922 LXX.
501 4878 698 4939 Pomponius
717 4883 785 4928 libro
806 4881 958 4928 xxixii
973 4882 1106 4929 Setinum.
1141 4884 1195 4930 Nec

361 4940 432 4999 qnasi
444 4941 619 4992 Publicianam
630 4948 730 5005 quidem
740 4948 870 4995 actionem
892 4949 916 4994 ei
927 4950 1035 4996 dandam
1047 4949 1151 5010 placuit,
1162 4962 1195 4997 ne

361 5008 389 5052 in
400 5009 528 5067 potestate
546 5012 666 5071 cuiusque
687 5014 730 5075 sit,
751 5028 798 5074 per
819 5014 936 5073 rapinam
951 5017 983 5062 ab
993 5016 1079 5063 invito
1089 5016 1194 5064 domino

361 5089 415 5121 rem
426 5074 525 5119 iniusto
536 5077 619 5131 pretio
632 5091 789 5136 comparare.

408 5139 801 5195 1.xxr.i’autasnaroxr11.
821 5151 860 5195 cd
876 5150 1005 5198 Sabinum.
1023 5152 1122 5204 uenosi
1135 5165 1194 5211 pos-

360 5218 448 5256 sessor
459 5206 562 5266 quidem
572 5208 633 5254 uoto
644 5209 715 5269 fecii,
736 5220 808 5265 actor
819 5229 881 5262 uero
893 5217 978 5265 tumre
993 5232 1047 5264 non
1063 5219 1129 5279 vuit,
1149 5221 1210 5266 sed·

360 5275 448 5336 quanti
462 5287 503 5321 res
514 5272 548 5319 sit
565 5274 741 5324 adversarium
756 5282 922 5328 condemnari
938 5286 1020 5345 malit,
1040 5298 1098 5330 moa
1111 5285 1136 5330 ei
1151 5286 1210 5342 ges

361 5345 455 5391 sendus
465 5346 515 5389 ost.
997 5356 1000 5363 ·

409 5410 514 5457 LXXH.
529 5408 770 5466 Ulpianusls'dro
781 5414 850 5461 XVI.
862 5416 901 5461 erl
912 5415 1039 5462 murum.
1074 5414 1103 5460 si
1119 5427 1135 5461 a
1150 5417 1210 5463 ri..

360 5478 399 5524 iio
410 5479 516 5524 tundam
527 5475 620 5522 emeris
631 5476 786 5542 Sempronii,
797 5484 824 5527 et
833 5480 880 5524 tibi
890 5481 1000 5526 traditas
1011 5481 1047 5526 sit
1057 5482 1142 5540 pretio
1152 5498 1196 5532 ω.

362 5546 416 5592 luto
426 5580 433 5608 ,
445 5544 538 5591 deinde
548 5541 634 5589 Titius
644 5541 796 5600 Sempronio
809 5547 884 5592 bem
893 5546 1038 5609 exstiterit,
1051 5554 1077 5595 et
1088 5552 1196 5599 andan
1234 5549 1351 5609 ¹tradita,

361 5612 407 5659 alii
418 5610 566 5659 vendiderit
576 5613 603 5657 et
613 5607 765 5672 tradiderit,
784 5611 889 5668 seorim
900 5615 953 5673 est,
973 5616 1042 5659 nitu
1050 5614 1193 5673 poflorsis.

362 5679 425 5728 Nam
436 5680 483 5727 etsi
495 5679 550 5739 ipse
562 5675 746 5725 omanorum
762 5689 818 5725 rans
830 5691 849 5723 a
865 5683 891 5728 te
906 5682 1021 5745 pateret,
1041 5683 1196 5741 eruptione

684 308 766 361 uio.
803 305 854 359 Vl.
889 306 914 359 2.
942 304 1007 361 ,ΒΕ
1043 296 1304 355 rusticiani
1340 294 1511 361 INREM
1547 296 1747 351 susionis.

1243 452 1303 489 eum
1312 450 1496 486 summoueres.
1527 438 1579 487 Sed
1589 441 1615 488 et
1625 438 1649 486 si
1659 439 1715 502 lpse
1726 438 1884 501 possideret,
1895 441 1921 493 et
1929 444 2077 513 tapetem,

1243 508 1366 556 adversus
1376 506 1558 565 exceptionem
1568 507 1678 556 dominii
1687 508 1859 570 replicatione
1867 512 1986 560 utereris.

1293 574 1413 621 LXXlll.
1424 574 1512 620 Idem
1522 574 1588 621 libro
1599 573 1687 624 XVII.
1703 577 1741 625 orl
1757 574 1887 623 Mesua.
1921 580 1953 625 la
1971 580 2079 640 speciali

1243 642 1346 690 actione
1357 655 1410 689 non
1422 640 1668 699 coginsrpossessor
1686 644 1787 704 dicere,
1807 657 1854 703 pro
1870 656 1920 702 uua
1935 651 2009 705 parte
2026 648 2079 698 sins

1243 710 1291 769 sit,
1302 710 1351 756 boe
1364 708 1432 756 enim
1446 709 1565 768 petitoris
1576 723 1669 758 munus
1679 715 1726 775 est,
1737 724 1790 757 uon
1802 714 1969 770 possemoris.
2004 713 2080 769 uuor

1243 778 1308 826 etin
1318 776 1471 823 Publiciana
1482 778 1642 825 observatur.
1679 782 1702 839 p.
1718 782 1740 826 l.
1752 778 1948 843 tiupcrflciario,

1294 844 1408 891 LXXIV.
1421 845 1507 891 Poul
1515 846 1624 892 uslidro
1636 845 1710 893 XXI.
1725 846 1763 893 ud
1776 845 1905 894 Edictum.
1936 847 1967 895 sd
1980 850 2021 896 eat
2038 852 2081 909 qui

1242 912 1271 961 iu
1282 912 1369 958 alieno
1381 912 1440 959 solo
1451 912 1613 971 superficiem
1623 913 1661 960 ita
1670 914 1755 977 babet,
1775 915 1805 959 ut
1822 917 1920 963 carim
1930 916 2082 975 pensionem

1243 982 1365 1038 praestet,

1292 1046 1393 1092 LXXV.
1407 1046 1580 1106 Ulpianus
1591 1050 1661 1097 litro
1671 1048 1743 1097 XVI.
1759 1052 1795 1098 od
1812 1048 1944 1099 Edictum.
1973 1048 2083 1100 Praetor

1243 1114 1435 1171 causacognita
1447 1115 1475 1159 in
1487 1130 1540 1163 rein
1550 1118 1679 1165 actionem
1691 1116 1839 1176 pollicetur.

1294 1180 1408 1226 LXXVi.
1430 1183 1531 1230 Caius
1550 1185 1620 1231 libro
1643 1185 1706 1231 l'11.
1722 1186 1760 1232 nd
1773 1184 1895 1233 Edictum
1906 1185 2082 1246 provinciale.

1243 1247 1314 1302 Quae
1325 1248 1356 1294 de
1365 1251 1421 1294 tota
1431 1261 1459 1295 re
1469 1249 1624 1297 vindicanda
1634 1251 1701 1299 dicta
1712 1255 1787 1314 sunt,
1808 1252 1897 1299 eadem
1914 1256 1942 1300 et
1959 1253 1991 1299 de
2009 1256 2082 1311 parts

1243 1314 1416 1373 intelligenda
1427 1319 1502 1376 sulii,
1514 1319 1648 1377 otticioque
1658 1318 1751 1366 iudicis
1762 1319 1927 1381 continetur,
1946 1332 1997 1378 pro
2008 1318 2082 1367 modo

1244 1384 1323 1441 partis
1335 1396 1364 1428 es
1376 1395 1475 1441 queque
1486 1384 1591 1431 restitui
1602 1385 1700 1446 iubere,
1711 1400 1775 1444 quae
1786 1385 1863 1432 simul
1874 1399 1930 1433 cum
1940 1387 1999 1445 ipsa
2009 1390 2082 1444 parte

1244 1448 1348 1497 restitui
1358 1449 1459 1496 debent.
1488 1453 1509 1509 p.
1516 1453 1537 1495 l.
1544 1454 1660 1500 luceriae
1670 1453 1752 1511 partis
1763 1452 1904 1500 vindicatio
1913 1452 2002 1513 duur,
2009 1452 2035 1497 si
2045 1452 2082 1499 is·

1244 1520 1285 1562 sta
1298 1529 1376 1563 causa
1388 1516 1553 1566 interveniet.
1583 1523 1654 1567 iusta
1668 1525 1752 1567 autem
1768 1532 1846 1566 causa
1862 1532 1918 1567 esse
1935 1522 2043 1581 potest,
2061 1520 2083 1567 si

1245 1586 1312 1631 torte
1327 1583 1379 1641 legi
1390 1583 1522 1631 Falcidiae
1534 1586 1608 1633 locus
1619 1587 1653 1633 sit
1664 1587 1691 1633 iu
1702 1591 1872 1648 testamento,
1883 1592 1989 1645 propter
1998 1587 2082 1636 meer-

1244 1657 1296 1697 tam
1306 1651 1493 1697 detractionem
1503 1666 1535 1701 cn
1547 1654 1656 1715 tegatis,
1678 1667 1742 1712 puae
1753 1654 1797 1700 rin
1810 1653 1877 1712 apud
1893 1653 2007 1701 iudicem
2024 1666 2082 1702 exs-

1246 1718 1370 1764 miuntur.
1407 1719 1503 1765 iustam
1513 1720 1583 1767 cuins
1592 1720 1669 1768 habet
1682 1720 1858 1779 ignorantiam
1868 1719 2028 1781 leguntius,
2046 1722 2083 1771 usi

1245 1785 1321 1831 bomo
1332 1785 1432 1843 legatus
1443 1790 1492 1845 est,
1502 1787 1525 1831 si
1536 1788 1661 1851 haesitet,
1671 1793 1776 1847 quotam
1785 1791 1884 1847 partem
1896 1787 2034 1835 vindicare
2043 1788 2083 1836 ds·

1246 1853 1319 1909 beut;
1340 1853 1428 1909 itaque
1439 1854 1500 1900 talia
1512 1854 1616 1903 dabitur
1627 1856 1706 1904 actio.
1742 1856 1839 1903 Eadem
1848 1856 1875 1901 et
1885 1855 1917 1902 de
1932 1854 2031 1904 ceteris
2044 1868 2083 1904 rs·

1246 1919 1486 1978 busintelligemus.

1296 1986 1682 2047 1.fflti.utptouus1iiro
1697 1991 1784 2039 XVII.
1796 1992 1833 2040 nd
1841 1990 1969 2039 Edictum.
2001 1990 2085 2046 Quas·

1249 2054 1306 2100 dum
1317 2053 1409 2100 mulier
1420 2055 1527 2102 luridum
1537 2071 1591 2105 non
1601 2059 1694 2106 morito
1706 2058 1814 2107 donavit
1825 2050 1871 2119 pier
1885 2058 2044 2121 epistolam,
2062 2064 2086 2106 et

1246 2122 1356 2169 eundem
1366 2121 1474 2169 fundum
1485 2124 1516 2169 ab
1528 2139 1560 2172 co
1572 2126 1706 2177 conduxit.
1742 2126 1821 2187 Diri,
1841 2139 1918 2185 posse
1935 2124 2043 2173 delendi
2059 2127 2086 2173 ia

1246 2202 1301 2234 rem
1312 2189 1335 2234 ei
1348 2194 1580 2252 competere,quasi
1591 2193 2086 2255 pes·ipsumaoquisieritpossessiouem,

1247 2254 1329 2302 veluti
1349 2269 1395 2313 per
1414 2258 1542 2306 colonam.
1577 2261 1791 2322 l'sopouebatur,
1811 2262 1879 2317 qued
1900 2261 1981 2311 etism
2003 2260 2035 2307 iar
2056 2274 2086 2307 eo

1248 2336 1328 2382 egro,
1349 2323 1393 2379 qui
1403 2324 1565 2388 donabatur,
1587 2328 1694 2389 luisset,
1714 2341 1792 2387 quum
1802 2327 1915 2387 epistola
1926 2329 2087 2389 rnitteretar,

1247 2404 1311 2449 quac
1323 2403 1366 2438 res
1376 2393 1561 2441 sufficiebatad
1577 2396 1698 2443 traditam
1714 2395 1919 2458 possessionem,
1939 2394 2009 2443 lieet
2026 2407 2086 2442 eoa·

1248 2456 1335 2504 duetio
1346 2471 1400 2503 nou
1411 2458 1605 2509 intervenisset.

1296 2524 1440 2573 lrxliltlli.
1454 2527 1566 2575 Lutea
1577 2531 1643 2577 libro
1654 2530 1704 2578 IV.
1717 2529 1854 2579 Pitbassua
1869 2544 1889 2577 o
1902 2530 1991 2578 Poste
2006 2531 2087 2590 apsis·

1247 2598 1385 2639 oratorum.
1421 2594 1450 2640 Si
1460 2595 1516 2641 eius
1527 2595 1614 2657 tuadi,
1635 2611 1709 2655 ιιιιοιιι
1718 2598 1833 2645 ahenum
1843 2597 2013 2659 possidebas,
2032 2599 2088 2645 rra-

1248 2666 1318 2707 esum
1329 2672 1383 2707 non
1393 2661 1516 2724 eoigisii,
1539 2663 1604 2710 nibil
1622 2665 1678 2712 eius
1693 2664 1767 2712 tundi
1786 2666 1917 2712 noctuam
1932 2664 2046 2712 nomae
2063 2668 2088 2711 ie

1248 2729 1309 2774 darc
1320 2730 1431 2785 oportet.
1466 2729 1563 2777 Paulus
1573 2734 1661 2779 notat:
1673 2733 1753 2779 Immo
1762 2731 2089 2797 quamtumidus'assfm-

1247 2802 1304 2842 etus
1314 2795 1410 2840 ideireo
1415 2798 1511 2859 suctus
1521 2804 1575 2856 est,
1587 2800 1684 2861 puods's
1695 2813 1750 2845 euru
1760 2813 1806 2847 ssso
1816 2800 1916 2845 wesin
1924 2801 2089 2859 perceperit.

1247 2861 1443 2920 Percepiionem
1453 2865 1552 2912 tructus
1561 2865 1677 2925 accipere
1687 2867 1817 2929 debemus,
1825 2879 1880 2913 noa
1886 2870 1990 2914 matam
2000 2867 2089 2926 siper-
2162 2876 2163 2889 ¹

1249 2930 1317 2976 lecte
1332 2928 1388 2975 aisst
1408 2930 1527 2993 collecti,
1548 2934 1593 2980 aed
1605 2933 1779 2992 etiamcoepii
1789 2934 1827 2981 ita
1837 2933 1950 2994 percipi,
1970 2934 2003 2979 ut
2018 2938 2091 2981 serra

1248 2995 1384 3044 continere
1394 3009 1422 3045 se
1432 2998 1531 3047 trucum
1541 3000 1675 3061 desierint,
1683 3000 1764 3047 velasti
1775 3001 1797 3047 si
1808 3000 1896 3049 olim
1906 3000 2027 3048 velurae
2034 2999 2091 3047 sal·
2162 3040 2163 3061 ,

1247 3064 1330 3110 lectae
1340 3065 1409 3128 siut,
1430 3069 1544 3114 nondum
1554 3073 1640 3115 autem
1650 3071 1738 3127 uiuum
1748 3069 1789 3115 vel
1802 3069 1889 3117 etcum
1900 3070 1933 3116 ab
1943 3067 2037 3125 aliquo
2052 3067 2092 3113 ia·

1249 3134 1369 3180 ctnmsit.
1405 3133 1499 3181 Statim
1516 3135 1585 3182 enim
1600 3135 1655 3195 ipse
1670 3136 1798 3195 acceptam
1814 3136 1927 3184 trucium
1942 3134 2092 3182 exstiman-
2162 3158 2163 3179 ι

1248 3199 1295 3245 dus
1306 3203 1355 3247 est.

1296 3266 1413 3315 Lxxrx.
1424 3268 1444 3314 1
1447 3269 1512 3316 deas
1522 3271 1587 3317 libro
1601 3270 1646 3316 VI.
1657 3269 1793 3318 Pitlsaeaon
1803 3284 1821 3315 α
1831 3268 1914 3317 Paulo
1934 3272 2091 3330 epitomate-

1247 3346 1313 3379 rson.
1345 3334 1374 3380 Si
1394 3334 1524 3383 bominem
1544 3349 1559 3382 a
1580 3350 1620 3383 me
1629 3337 1753 3397 petieris,
1771 3338 1799 3385 et
1809 3338 1833 3382 is
1842 3342 1901 3396 post
1910 3336 1988 3385 litem
1998 3338 2091 3384 coute-
2162 3386 2163 3389 ,

1246 3403 1340 3447 statam
1351 3405 1468 3449 mortuus
1476 3404 1718 3463 sit,tructus,quoad
1725 3404 1747 3450 is
1754 3405 2003 3465 viserit,aestimari
2011 3416 2093 3463 opor·

1249 3472 1295 3515 set.
1332 3469 1428 3515 Paulus
1439 3474 1514 3518 ssotat
1522 3484 1528 3517 :
1536 3472 1575 3518 lta
1585 3470 1611 3517 id
1622 3485 1713 3519 verum
1723 3485 1780 3519 esse
1790 3474 1868 3530 puio,
1881 3472 1905 3517 si
1913 3484 1970 3518 non
1983 3471 2059 3531 priua
2069 3469 2094 3518 is

1247 3536 1323 3582 homo
1333 3535 1361 3581 in
1372 3550 1429 3585 eous
1440 3538 1616 3585 valetudinem
1627 3537 1757 3600 unionis,
1778 3538 1885 3598 propter
1901 3550 1980 3596 ‹psass
1994 3550 2095 3597 operae
2162 3588 2163 3599 ,

1247 3602 1303 3650 eiua
1315 3603 1423 3652 inutiles
1433 3606 1518 3653 iactae
1528 3609 1606 3662 suat3
1625 3617 1684 3652 nam
1693 3619 1727 3653 ne
1737 3606 1761 3651 ai
1772 3606 1883 3653 vixisset
1893 3604 1998 3662 quidem
2013 3605 2045 3651 isa
2061 3617 2095 3651 aa

1247 3669 1411 3735 rnetuduse,
1429 3673 1529 3721 &uetus
1539 3673 1598 3721 eiua
1608 3673 1731 3732 temporis
1748 3672 1853 3721 ssuuuoe
1870 3670 2010 3719 autmari
2027 3683 2095 3719 coa·
2162 3704 2163 3707 η

1246 3738 1355 3784 veniret.
2162 3736 2163 3779 ι

1294 3805 2038 3857 cxxxi'srtasintttauuststroi.aufidum
2063 3807 2097 3853 lu
2162 3802 2163 3809 ’

1246 3886 1300 3920 rem
1310 3872 1440 3922 actionem
1450 3876 1505 3934 pati
1515 3889 1570 3922 uon
1580 3876 1768 3939 compellimur,
1779 3875 1839 3935 quia
1847 3874 1912 3922 lieet
1924 3875 2008 3923 alieni
2019 3874 2098 3922 diee-

1247 3953 1290 4001 re,
1311 3954 1339 3989 se
1349 3955 1404 3989 nen
1415 3942 1565 4002 possidere3
1586 3943 1624 3989 itu
1635 3947 1720 3991 tanen
1730 3946 1774 4005 ut,
1797 3942 1819 3989 si
1829 3942 1914 4002 possit
1923 3940 2097 3993 advermias
2162 3982 2163 3995 ,

1246 4008 1418 4069 convincere,
1437 4010 1534 4057 romab
1545 4009 1849 4070 adversariopossideti,
1867 4008 2097 4057 tramieratadss
2162 4052 2163 4057 ,

1246 4077 1824 4141 possessionemperiudieem,iicetsuamesse
1830 4075 2099 4137 nou'spprobaserit.

1310 4262 1366 4309 DE
1385 4176 1807 4311 PUBLIGIAXXTiNHIiEM
1823 4262 2024 4313 accionis.

1299 4348 1320 4392 l.
1334 4347 1577 4406 Ulpianusls'dro
1593 4347 1670 4395 XVI.
1687 4348 1724 4395 au
1739 4347 1868 4396 Edictum.
1903 4348 1950 4395 Ais
1966 4348 2103 4399 Praestet:
2162 4358 2163 4377 ¹

1247 4412 1276 4457 Sr
1287 4423 1348 4464 ouis
1357 4423 1395 4475 ro,
1406 4425 1478 4466 ouon
1491 4425 1636 4461 τιιιιιιιτιιιι
1647 4425 1683 4462 rx
1693 4425 1774 4461 rusus
1786 4426 1872 4462 cauas
1883 4427 1901 4462 a
1912 4426 1968 4462 rou
1977 4425 2105 4479 noluo,

1247 4488 1283 4525 ετ
1295 4490 1404 4527 sonorus
1416 4491 1574 4529 Uauctr‘ruls
1584 4492 1687 4543 rursu,
1704 4491 1826 4529 renierus
1835 4492 1920 4529 osso
1956 4484 1981 4543 ς.
1995 4486 2019 4531 1.
2036 4486 2107 4533 He-

1247 4545 1484 4618 ritodfpisqiussait
1502 4550 1611 4596 neam
1628 4555 1799 4610 nesapium
1818 4563 1879 4605 nam
1893 4550 1917 4596 si
1934 4556 2108 4611 usucaptm

1248 4617 1301 4675 ost,
1324 4614 1400 4660 babet
1411 4615 1514 4663 civilem
1525 4616 1669 4679 actionem,
1693 4628 1743 4664 nec
1758 4617 1890 4665 desiderat
1910 4617 2106 4666 honorariam.

1248 4680 1301 4738 §.u
1311 4681 1363 4726 Sed
1374 4694 1420 4728 eur
1429 4683 1580 4730 traditionis
1591 4684 1718 4733 duntaxat
1729 4683 1930 4743 etusaespionis
1942 4686 2007 4733 tecit
2018 4699 2107 4734 mess·

1249 4750 1365 4794 tianensi
1385 4761 1463 4804 quum
1471 4750 1534 4797 satis
1546 4752 1644 4799 multae
1653 4753 1707 4798 siat
1715 4752 1781 4799 iuris
1793 4754 1891 4814 partes,
1902 4753 1997 4808 quibus
2007 4753 2107 4803 doui-

1247 4816 1318 4861 niuns
1329 4814 1386 4871 qais
1396 4817 1573 4875 inamoenus,
1585 4824 1677 4877 utputa
1687 4819 1810 4880 legatum,

1295 4884 1327 4927 ll.
1341 4882 1429 4930 Paul
1436 4899 1469 4931 us
1480 4886 1547 4932 libro
1560 4886 1636 4933 XIX.
1647 4886 1685 4932 ud
1694 4884 1822 4933 Edictum.
1857 4886 2013 4936 vernerus
2032 4899 2109 4937 etas·

1247 4961 1277 4994 sa
1295 4949 1450 4998 donationes
1467 4954 1565 5013 tastce3
1585 4966 1644 4999 nam
1666 4952 1760 4999 andssa
1782 4954 1949 5012 possessione
1967 4956 2109 5015 conpetit

1246 5016 1408 5077 Publiciana,
1420 5020 1479 5077 quia
1488 5020 1522 5066 ud
1530 5020 1677 5079 etemplum
1687 5020 1835 5077 legatorum
1846 5021 1996 5080 capiuntur.

1297 5083 1342 5129 lit.
1357 5085 1521 5143 Ulpianus
1529 5089 1596 5135 libro
1610 5086 1664 5134 XV
1665 5087 1688 5132 1.
1700 5087 1737 5132 au
1746 5086 1874 5135 Edictum
1903 5090 1974 5137 Sunt
1984 5093 2011 5138 et
2022 5089 2111 5137 asiae

1245 5153 1394 5212 pleraeque.
1430 5154 1493 5210 §51-
1504 5155 1681 5201 AitPraetor·:
1698 5156 2004 5218 exiastocouaupetes.
2045 5156 2111 5210 Qui

1247 5220 1327 5277 igitur
1338 5217 1431 5262 iustam
1441 5230 1541 5267 causam
1553 5218 1702 5268 traditionis
1712 5220 1789 5268 babet
1796 5252 1803 5282 ,
1825 5223 1911 5273 utitur
1926 5219 2110 5271 Publiciana.

1247 5287 1282 5330 Et
1291 5295 1346 5329 nou
1357 5281 1439 5328 salum
1449 5286 1602 5335 bomeiidei
1612 5286 1704 5334 emtori
1715 5289 1840 5346 competit
1856 5291 2030 5354 iminium,
2055 5292 2113 5339 sed

1248 5353 1274 5396 et
1283 5349 1455 5409 aliis,.utputa
1464 5350 1503 5415 ei,
1515 5355 1558 5402 eui
1567 5354 1636 5401 dotis
1645 5353 1751 5401 nomine
1758 5356 1855 5403 tradita
1865 5370 1909 5405 res
1916 5362 1969 5419 est,
1980 5359 2114 5406 aedan

1247 5419 1385 5473 mueapta3
1406 5418 1446 5461 est
1457 5420 1525 5467 enim
1535 5422 1677 5471 iustissima
1687 5434 1777 5483 causa,
1790 5423 1848 5472 sire
1858 5425 2000 5475 aestimata
2007 5428 2117 5477 mia

1247 5483 1333 5529 dotem
1345 5482 1406 5527 data
1414 5482 1463 5547 sit,
1474 5487 1530 5534 sive
1539 5500 1602 5535 noa.
1637 5490 1703 5536 item
1713 5489 1738 5537 si
1747 5503 1790 5538 rsa
1800 5503 1837 5539 ex
1846 5491 2059 5541 muniminis
2065 5495 2115 5541 ait

1299 5616 1669 5675 infaustuum
1685 5628 1722 5675 ad
1736 5624 1866 5675 Edictum.
1900 5580 1953 5677 ilci
1966 5626 2119 5679 admi·
2162 5696 2163 5701 1

1244 5692 1331 5751 ,Μ’
