4328 6438
302 353 385 410 ulti.
414 353 516 408 xxii.
545 352 570 410 3.
615 353 671 409 lili
706 353 1056 409 l‘liOiiATlltNlllUB
1093 354 1145 408 ΕΤ
1182 353 1609 411 t‘ltlbsbbrlob'lbus.
1763 358 1816 411 tob

14 488 15 531 ἶ
107 497 157 556 ipae
165 497 209 543 loe
218 496 328 556 probare
338 496 470 554 cogendae
481 497 535 553 eat3
556 499 582 542 et
592 494 636 542 bic
646 495 736 556 igitur,
748 507 825 554 quum
837 495 938 554 petitor
973 497 1111 557 oportere,
1132 495 1212 542 aeieae
1223 495 1334 542 alienam
1345 508 1398 542 rem
1411 495 1452 542 rel
1469 495 1608 554 obligatam
1624 496 1712 556 legare
1727 496 1818 543 detorr-

15 586 18 597 ·
107 564 162 611 duaa
174 565 311 623 reriptnraa
329 563 452 623 obtendit,
473 563 547 609 berea
562 564 731 621 portariorum
750 563 855 609 inanem
870 575 936 627 oeae,
972 568 1048 618 mum,
1061 575 1113 608 non
1124 562 1246 608 heredem
1254 563 1362 620 probare
1372 562 1644 624 oportere,igooraaae
1654 562 1765 610 alienam
1778 565 1817 609 net

14 650 15 659 ¹
107 631 232 690 ipaeberea
242 631 267 675 id
278 631 422 688 approbare
433 630 510 674 iudici
522 631 605 675 «loiret.
822 658 825 665 .
972 629 1126 690 obligatam,
1147 629 1470 686 quiaaenrperncceaaitaa
1485 629 1611 687 probandi
1629 630 1752 675 incumbit
1768 629 1818 683 itti,

152 697 215 742 xiil.
238 699 256 742 1
258 697 276 741 d
281 711 324 741 een
334 696 400 742 tibro
412 695 497 740 XXX,
511 697 683 756 Digestorum.
714 699 798 753 Quum
810 697 841 744 de
851 698 937 743 aetate
959 695 1014 755 ,qni
1025 695 1089 751 apli.

15 762 19 777 ¹
106 762 206 808 hominia
223 766 403 819 quaereretur,
424 763 518 807 Caeam
536 767 625 808 ooaler
643 762 670 808 in
680 761 743 809 llaec
755 765 832 809 rerba
842 762 936 808 reneri-
1023 760 1106 805 ΧΧΙΙ.
1128 760 1295 817 bipinne
1313 762 1379 807 libro
1399 762 1421 807 1.
1439 763 1639 821 Responaornm.
1675 762 1753 823 Eum,
1774 762 1816 821 qul

105 830 163 888 pail:
181 829 215 874 tn
235 829 335 883 denna,
354 835 380 873 et
395 829 508 891 iniquam
518 833 567 883 ert,
587 843 642 874 eum
653 829 683 874 de
694 835 765 876 atate
775 830 876 876 aetntie
885 831 936 874 nli·
972 826 1131 871 voluntatem
1143 830 1264 871 mutatam
1275 826 1345 889 dicit,
1356 828 1467 886 probare
1478 828 1526 874 boc
1538 828 1639 874 debere.

104 897 166 942 ηε..
182 896 326 955 μμρηγη,
345 901 373 941 ee
386 896 505 941 annm
519 897 694 958 profanam,
708 898 893 960 proferuntur,
913 898 939 940 et
1021 891 1116 936 xxttt.
1145 892 1344 940 ,liureiunae
1373 895 1440 941 libro
1466 896 1596 954 cingatur-i
1613 896 1650 941 ad
1668 894 1817 942 Ferrariam

102 963 254 1021 patarinum
264 968 348 1016 ctare,
370 975 439 1020 prena
448 969 559 1020 ιιι-ειη
576 962 826 1022 aedcnuaaeognttae
836 964 936 1008 neritu-
970 956 1195 1017 hypothecae-iuni.
1231 961 1298 1004 ilrrte
1310 960 1397 1005 omnia
1412 961 1571 1017 probandum
1589 966 1642 1023 eat,
1664 962 1729 1020 quod
1748 961 1818 1007 inter

104 1034 148 1072 tera
160 1029 249 1074 exerti
265 1032 377 1085 oportet,
397 1032 425 1072 et
438 1040 512 1073 ereo
521 1029 680 1085 ponarium
690 1030 936 1093 nneoeeonrpatari,
971 1028 1088 1082 agentem
1100 1026 1125 1069 et
1142 1023 1284 1070 debitorem
1301 1016 1445 1081 convenit}
1460 1031 1489 1071 ot
1506 1027 1608 1085 pignori
1626 1028 1817 1086 hypothecaere

104 1108 136 1141 ιι·
152 1108 198 1154 qua
212 1096 387 1153 praeeipuam
398 1090 481 1150 fidene
497 1095 523 1138 in
538 1108 572 1139 ee
589 1107 619 1140 rc
636 1100 767 1150 constare,
787 1095 937 1141 credibilior
971 1092 1014 1136 alt.
1051 1090 1100 1135 Sed
1113 1094 1138 1135 et
1151 1088 1173 1134 ai
1185 1090 1234 1136 boc
1245 1092 1334 1148 probet
1345 1098 1432 1151 actor,
1452 1092 1519 1139 lllod
1532 1106 1633 1151 quoque
1650 1095 1759 1154 implere
1773 1096 1816 1141 de-

104 1160 206 1207 cidetur.
226 1208 230 1217 ⁴
972 1158 1023 1216 bet,
1034 1169 1087 1202 rem
1099 1157 1271 1213 pertinerem
1283 1159 1426 1204 debitorem
1438 1172 1469 1205 eo
1482 1162 1611 1219 tempore,
1633 1173 1683 1216 quo
1694 1161 1816 1208 convenit

147 1226 211 1271 xlv.
235 1226 406 1284 Ulpianus
426 1226 495 1272 libro
512 1227 550 1271 11.
564 1227 595 1272 de
606 1225 693 1286 officio
707 1228 833 1274 amatia.
862 1226 937 1273 liirca
972 1225 1002 1269 dc
1013 1222 1130 1282 pignore,
1141 1223 1229 1269 autad
1240 1226 1386 1284 eum,euioa
1398 1225 1814 1284 voluntatehypothecadatneat.

103 1306 161 1354 con,
180 1292 223 1350 qui
243 1305 271 1338 ae
289 1304 321 1337 en
341 1291 513 1340 libertinitate
531 1293 752 1355 ingenunndnn,
774 1293 936 1340 relerendum
1021 1288 1114 1334 xxiv.
1135 1290 1341 1337 itineratione
1353 1292 1420 1337 libro
1432 1290 1657 1352 liiiiegntnrnnr.
1692 1294 1720 1340 Si
1732 1295 1817 1341 cliro-

103 1364 145 1417 eat,
164 1360 222 1415 qaia
240 1358 337 1423 actori·
353 1359 470 1417 partibor
489 1361 628 1417 iungaturi
648 1359 683 1406 lat
693 1358 715 1405 al
727 1360 827 1417 quidem
839 1362 865 1405 in
878 1372 936 1418 poa·
952 1374 958 1401 ι
972 1355 1095 1415 propium
1109 1355 1278 1402 cariceliuturn
1290 1359 1375 1419 tuerit,
1397 1357 1458 1403 licet
1470 1359 1663 1415 praesumtione
1674 1360 1775 1408 debitor
1784 1361 1817 1407 li-

103 1426 210 1501 aepaione
227 1424 411 1471 libertinitatis
421 1426 481 1485 init,
503 1426 561 1472 aine
572 1425 650 1471 dubio
661 1426 743 1484 ipaom
754 1427 886 1485 oportebit
897 1426 937 1471 ln·
973 1423 1076 1467 baraton
1089 1434 1146 1468 etto
1157 1422 1268 1482 vitietur,
1280 1423 1306 1468 in
1318 1438 1373 1469 eam
1384 1428 1467 1470 tamen
1479 1426 1658 1483 quantitatem,
1679 1438 1752 1481 quam
1765 1440 1816 1473 ma-

13 1526 14 1533 ,
102 1493 235 1552 poenitetia
256 1504 358 1538 cauam
378 1505 464 1552 agere,
485 1493 637 1552 docereque,
659 1506 688 1539 ae
705 1493 845 1551 lrrgenoum
865 1505 937 1550 ωας
973 1488 1076 1533 nitentia
1088 1489 1283 1545 probationibna
1295 1491 1407 1537 creditor
1418 1491 1466 1536 ribi
1477 1490 1557 1537 adbuc
1567 1491 1653 1538 deberi
1665 1493 1816 1550 ortenderit,

12 1612 13 1615 Ἴ
102 1560 137 1604 aio
155 1572 215 1606 uero
231 1558 259 1603 in
277 1559 441 1616 poaaeaaione
451 1558 623 1617 ingenuitati·
634 1558 678 1618 ait,
697 1564 722 1606 et
733 1560 871 1607 libertinae
881 1573 938 1606 erae
972 1560 1042 1602 recte
1052 1554 1152 1600 debitor
1162 1557 1325 1603 convenitur.

12 1654 13 1657 =
103 1625 210 1682 licetur,
231 1624 333 1672 acilicet
356 1626 423 1685 elue,
446 1625 529 1685 quiei
550 1626 753 1672 controuersiam
774 1629 867 1688 movet,
891 1627 938 1672 boc
1018 1620 1098 1666 ililli.
1116 1622 1329 1669 tenturum
1341 1623 1394 1669 111.
1406 1626 1598 1682 Quueetionum.
1627 1626 1816 1676 condetnde.

12 1690 15 1733 Ξ
104 1693 201 1750 probare
211 1686 296 1745 debet,
306 1692 350 1751 qul
362 1705 421 1738 eom
431 1692 494 1739 dielt
505 1691 626 1738 libertum
637 1704 727 1747 anum
748 1692 883 1750 quidenim
893 1693 937 1738 in-
973 1687 1027 1732 bil⁰
1038 1687 1179 1745 obteritur,
1191 1689 1249 1748 qul!
1260 1690 1368 1747 probare
1379 1690 1461 1749 rlebet,
1476 1703 1527 1737 non
1539 1691 1621 1737 iniere
1631 1692 1758 1741 debiturn!
1776 1706 1816 1742 ret

12 1754 14 1789 ί
103 1761 182 1818 terent,
201 1770 304 1804 aerrum
321 1771 393 1804 anum
406 1759 471 1817 quia,
492 1772 524 1804 an
535 1758 656 1805 libertum
667 1761 821 1806 contendati
841 1759 870 1804 si
882 1760 937 1818 quia
973 1754 1010 1799 itn
1022 1756 1185 1810 temperentia
1196 1759 1243 1815 eat,
1265 1760 1306 1816 nt,
1327 1756 1349 1800 ai
1359 1757 1460 1812 quidem
1472 1758 1509 1818 ia,
1530 1757 1571 1815 qni
1584 1758 1711 1817 oeeepiaae
1722 1761 1817 1808 dicitnr

104 1830 178 1870 autem
188 1822 282 1870 taneta
292 1824 463 1882 ingenuitati·
476 1838 536 1871 auae
547 1825 618 1870 ultro
630 1825 656 1870 io
669 1836 697 1871 aa
709 1826 834 1884 auaeipiat
844 1827 937 1883 proba-
972 1834 1025 1866 rem
1037 1819 1077 1865 rel
1089 1821 1222 1877 peeurrinm
1234 1821 1382 1881 indebitam,
1394 1824 1441 1869 troc
1451 1825 1596 1885 nequierit,
1608 1830 1633 1871 et
1645 1826 1711 1887 lpse,
1719 1829 1761 1885 qui
1773 1830 1818 1875 de-

106 1890 296 1951 tipmadhoe,
319 1890 512 1938 munientium
524 1891 821 1952 seratproingenuime
839 1893 937 1938 sapien.
972 1887 1019 1943 dii,
1033 1886 1530 1946 legitimiaprobationibuatolutionem
1541 1893 1740 1951 approbaverit,
1761 1896 1817 1943 aine

107 1959 212 2014 tamine
225 1962 264 2002 eat
277 1962 305 2003 ot
318 1958 458 2017 ingenuum
469 1971 496 2003 ae
507 1970 564 2004 erae
574 1959 773 2019 pronuntietur,
794 1970 827 2004 an
839 1959 937 2005 obtem.
973 1953 1026 1998 nlla
1038 1952 1204 2001 diatinctiouo
1215 1954 1357 2015 iprum‚qui
1370 1956 1545 2019 neqavnpme
1555 1959 1689 2016 pecuniam
1702 1963 1816 2020 accepia-

107 2026 179 2083 perari
190 2024 215 2070 ei
226 2024 333 2086 debenti
355 2024 461 2070 tencteri
473 2028 566 2082 puteat.
603 2025 636 2072 Et
648 2038 699 2071 non
712 2025 742 2071 ab
760 2038 788 2070 rc
808 2036 864 2070 eure
882 2025 937 2082 opi.
973 2032 1010 2077 qe,
1021 2018 1042 2064 al
1056 2018 1111 2064 uult
1121 2021 1213 2079 audiri,
1235 2023 1438 2081 compellendum
1450 2036 1507 2070 eaac
1520 2024 1552 2070 ad
1565 2026 1732 2083 probotionea
1743 2042 1816 2087 prae-

107 2104 254 2151 aor,morem
266 2090 290 2136 ei
302 2091 358 2148 geri
370 2090 490 2150 probanti
501 2104 528 2137 re
540 2091 721 2151 ingenuum&
732 2092 885 2137 renitentium
897 2105 938 2137 ae·
973 2085 1086 2147 einander,
1098 2088 1164 2142 qnod
1176 2088 1309 2146 pecuniam
1321 2090 1431 2136 debitam
1442 2092 1576 2151 acceperit.
1613 2091 1715 2139 Etenim
1728 2096 1817 2143 abeur-

107 2157 205 2207 eandam
215 2170 242 2202 ae
253 2157 371 2217 dandam,
385 2171 460 2216 quom
473 2157 545 2203 nulla
556 2158 641 2215 ceptio
654 2157 797 2205 intercedat
809 2157 882 2204 iuria.
972 2154 1030 2198 dum
1042 2158 1096 2213 eat,
1116 2167 1190 2214 eum,
1213 2154 1257 2211 qni
1268 2156 1299 2200 ab
1315 2155 1392 2203 initio
1403 2158 1507 2214 rregovit
1520 2157 1653 2215 pecuniam
1664 2163 1816 2221 ruacepiaae,

148 2224 199 2269 xv.
217 2224 507 2271 Modeatinuetibro
519 2224 792 2284 marmannorum.
829 2224 937 2276 Quidam
971 2221 1815 2284 postquamloeritconvictuaeamaceepirae,probationemnun

108 2291 211 2348 quiex
222 2290 525 2350 Seiamaeeptnncaio
536 2291 690 2351 Seiffiquum
701 2292 882 2338 Cgiuefmtm
893 2291 935 2336 ha.
972 2287 1052 2332 debiti
1064 2287 1095 2332 ab
1106 2288 1255 2335 adl'el'tttrio
1266 2289 1382 2348 elligere.
1418 2289 1465 2336 Sin
1484 2304 1546 2337 vert)
1557 2294 1586 2337 tlt
1600 2292 1677 2337 initio
1690 2294 1816 2342 conflrm-

109 2358 179 2417 beret,
189 2357 355 2404 hereditatem
366 2358 422 2404 Caii
434 2357 542 2412 irruerit,
553 2362 579 2402 et
591 2358 714 2405 tratribua
725 2358 854 2419 einedem,
865 2356 937 2415 quari
972 2358 1014 2399 tur
1026 2353 1126 2409 quidem
1137 2355 1279 2413 auacepiaae
1291 2355 1427 2418 pecuniae,
1449 2356 1518 2403 dicat
1528 2363 1613 2404 notem
1624 2372 1676 2404 non
1688 2362 1816 2409 indebitae

108 2437 134 2471 ex
146 2424 260 2469 mundato
271 2424 402 2480 defuncti,
425 2423 622 2471 fideicommiaaa
632 2425 725 2485 noluit,
746 2427 773 2471 et
792 2426 937 2470 cautionem
973 2419 996 2464 ei
1008 2418 1088 2465 tulate
1098 2421 1206 2481 tolutaa,
1218 2423 1433 2480 praeaumtionem
1446 2423 1565 2471 uidelicet
1578 2438 1624 2482 pro
1636 2439 1667 2471 eo
1679 2440 1751 2489 eane,
1774 2432 1814 2489 qni

105 2491 201 2549 recepit.
234 2491 937 2549 tinipoateacognito,qoodblioatrotrlreornmnon
972 2486 1281 2547 acceptanenotubnat.
1317 2489 1815 2551 llnlenimrolult,nnnquamitarean-

105 2558 202 2617 taiaaet,
220 2559 391 2616 quaerebant:
412 2571 444 2603 an
460 2571 517 2604 eum
528 2570 560 2603 eo
571 2558 602 2605 de
613 2558 755 2604 hereditate
773 2559 861 2604 iratria
877 2571 938 2616 poe.
972 2552 1049 2610 pinna
1060 2558 1108 2614 eat,
1121 2558 1148 2599 ut
1159 2556 1234 2602 tacite
1246 2569 1304 2601 aura
1313 2557 1437 2619 pecuniae
1450 2556 1535 2617 iactet,
1556 2562 1580 2604 et
1591 2559 1719 2607 indebitae
1731 2562 1816 2608 effern-

104 2625 158 2679 riat,
169 2629 272 2682 propter
281 2625 400 2671 eminam
410 2625 442 2670 ab
453 2626 491 2672 eia
503 2636 611 2685 manum,
623 2625 694 2683 quaai
708 2638 764 2671 cum
775 2623 831 2670 tilio
842 2639 918 2683 apere
929 2626 937 2670 i
972 2619 1025 2680 dat,
1037 2622 1063 2666 et
1073 2620 1183 2667 manime
1193 2624 1214 2668 ai
1227 2622 1290 2685 ipae,
1301 2624 1345 2680 qui
1356 2624 1482 2670 indebitaa
1493 2625 1594 2673 deditae
1605 2626 1676 2683 dicit,
1689 2628 1763 2675 bomo
1776 2631 1816 2676 «tt.

103 2691 252 2738 iloticatinna
273 2691 425 2750 reapondit:
456 2693 577 2738 cautione
604 2692 718 2737 enroluti
747 2690 937 2738 fideicommieal
973 2686 1121 2748 iigenaeat,
1143 2693 1168 2734 et
1180 2690 1311 2735 etudioaua
1322 2689 1519 2751 paleriamillea,
1542 2690 1815 2752 cuiuaperaonnmin—

103 2761 189 2805 atpium
199 2758 269 2812 plne,
289 2758 333 2818 qui
346 2758 449 2816 probari
461 2761 547 2816 pomi
564 2771 580 2803 ι
595 2756 719 2804 stnlrlltutt
737 2758 851 2805 defuncti
868 2759 937 2805 filiun
973 2753 1096 2801 credibile
1106 2758 1144 2800 (ΙΙ
1157 2754 1183 2800 in
1192 2755 1370 2816 aliquolucile
1380 2771 1490 2817 emate3
1511 2764 1537 2806 el
1550 2759 1606 2806 iden
1618 2775 1688 2822 eutii,
1701 2763 1741 2818 qui
1754 2763 1815 2810 llicit

102 2839 148 2871 een
158 2836 221 2883 aaa,
234 2824 338 2871 minime
348 2824 524 2871 confirmatum
535 2836 599 2885 me,
612 2825 655 2870 ned
666 2824 716 2870 boe
726 2825 809 2883 iprum
821 2840 837 2873 η
849 2826 938 2883 tropei.
973 2819 1102 2866 indebitaa
1112 2822 1230 2881 autricae,
1241 2825 1360 2883 compelli
1372 2824 1402 2870 ad
1415 2826 1589 2885 probaticam,
1597 2829 1664 2884 quod
1674 2830 1817 2887 pendulum

100 2893 142 2937 boe
152 2891 252 2949 probari
263 2893 367 2938 debere.
973 2887 1132 2949 accipientia,
1144 2889 1185 2935 rei
1196 2890 1309 2947 aliquam
1320 2892 1412 2938 ioatam
1424 2893 1589 2951 ignorantiae
1601 2907 1702 2941 canaam
1715 2895 1816 2942 indebi-

146 2958 212 3005 xvp,
233 2959 414 3006 pumat„
436 2960 472 3006 ω
482 2972 525 3004 m
534 2971 591 3005 θη
610 2959 676 3004 mro
688 2958 745 3004 111,
756 2960 794 3005 011
802 2959 882 3020 ιφ»,
892 2958 937 3005 12.
974 2958 1028 2999 tum
1039 2954 1069 2998 ab
1081 2968 1112 3000 eo
1124 2955 1238 3002 aolutum
1249 2958 1296 3020 ait,
1318 2963 1344 3005 et
1355 2959 1405 3005 niai
1417 2959 1466 3006 boc
1476 2960 1634 3023 ostenderit,
1654 2961 1750 3007 nullam
1760 2976 1816 3009 eum

97 3026 159 3071 κς.
178 3034 205 3072 ιι
222 3024 339 3084 ἣρω...
375 3024 459 3070 Ειῆῃῃ
471 3024 825 3083 mnrfiflpmtmiofittomm
843 3025 938 3084 recipi.
973 3020 1266 3078 repetitionemirabere.
1302 3027 1362 3083 pl.
1384 3025 1431 3071 Sin
1450 3030 1532 3073 autem
1551 3026 1586 3087 la,
1608 3027 1651 3084 qni
1674 3027 1815 3075 lindebitnm

97 3094 150 3147 tort
174 3092 217 3139 aad
227 3095 253 3139 et
264 3092 306 3138 ari
318 3090 467 3150 recipienda
478 3096 526 3137 eat.
973 3087 1097 3149 queritur,
1110 3089 1152 3134 rel
1163 3090 1283 3149 pupillae,
1304 3092 1345 3137 vel
1358 3091 1442 3138 minor
1452 3092 1495 3155 alt,
1518 3092 1558 3139 rel
1568 3094 1673 3151 mulier,
1695 3094 1736 3139 rel
1748 3095 1814 3141 torte

145 3159 222 3204 xvu,
252 3159 370 3205 cam
393 3158 460 3204 um
484 3156 526 3203 Vl,
547 3158 719 3218 mgnum-um.
754 3158 816 3204 cum
833 3157 864 3205 (10
880 3157 939 3216 1030
974 3152 1013 3198 rir
1024 3153 1125 3211 quidem
1137 3158 1265 3212 perlectae
1277 3158 1379 3219 aetalia,
1391 3159 1434 3204 aed
1447 3160 1534 3218 milen,
1557 3160 1598 3205 vei
1609 3160 1766 3223 agricultor,
1789 3164 1815 3208 ct

96 3223 209 3271 l‘alcirlla
218 3225 361 3285 quaeritur,
373 3224 474 3271 heredia
485 3226 606 3281 probatio
616 3230 672 3287 eat,
693 3224 882 3271 loeuntbebere
900 3225 938 3269 te.
974 3220 1113 3266 toreoaium
1124 3234 1209 3268 rerum
1220 3236 1329 3285 erpere,
1340 3225 1382 3271 rel
1392 3225 1456 3272 aliae
1468 3226 1633 3285 airnplieitnte
1643 3227 1770 3287 gaudena,
1789 3231 1814 3273 et

96 3291 308 3347 qemFalcidiam.
330 3291 405 3343 lluod
415 3303 471 3337 cnm
481 3292 592 3349 probare
602 3302 655 3336 uon
667 3295 761 3354 puteat,
771 3290 865 3338 rnerito
876 3303 937 3338 con.
974 3286 1087 3333 deaidiae
1097 3287 1208 3349 deditur,
1220 3293 1281 3335 tunc
1291 3304 1357 3349 erim,
1369 3292 1412 3347 qui
1422 3292 1519 3351 aceepit
1530 3292 1659 3353 pecuniae,
1669 3294 1814 3355 ostendere,

96 3356 260 3406 temnentem,
974 3355 1038 3399 bene
1049 3366 1092 3399 eea
1103 3356 1246 3415 accepiare,
1267 3360 1293 3403 et
1305 3357 1401 3404 debitur
1413 3360 1436 3405 ei
1449 3360 1529 3405 tniane
1541 3359 1653 3419 notulae,
1675 3363 1700 3405 et
1721 3360 1743 3406 ii
1762 3375 1815 3406 non

144 3425 237 3471 xliiii.
258 3426 503 3485 iliplennetibro
518 3425 562 3472 Π.
577 3426 793 3485 Diepntntionnm.
830 3424 939 3477 Quoliea
973 3420 1125 3479 attenderit,
1137 3422 1333 3470 enaredlribere.
1361 3427 1384 3483 p.
1397 3429 1420 3472 2.
1433 3426 1482 3471 Sed
1496 3426 1556 3472 boec
1569 3426 1611 3487 ito,
1622 3425 1643 3471 al
1657 3430 1737 3474 lotum
1749 3441 1816 3475 auor-

97 3501 191 3548 operae
199 3492 269 3551 quaai
280 3507 296 3539 a
306 3492 403 3539 liberto
414 3496 549 3555 petuntur,
570 3494 737 3553 probatione·
748 3493 779 3538 ab
789 3504 838 3550 eo,
858 3491 900 3551 qui
913 3504 939 3537 ae
973 3502 1036 3534 mam
1049 3488 1188 3534 indebitam
1199 3488 1277 3536 initae
1289 3490 1399 3538 rolntam
1411 3493 1442 3553 ia,
1455 3492 1498 3550 qui
1510 3492 1588 3547 dedit,
1600 3495 1749 3541 contendat.
1769 3494 1816 3541 Sin

97 3562 228 3613 patronam
239 3559 313 3620 dieit,
324 3560 481 3621 eriguntur,
503 3563 528 3606 et
541 3560 599 3607 ideo
611 3559 727 3605 lulianua
738 3558 857 3616 aerlpait:
879 3557 939 3605 licet
973 3560 1058 3601 autem
1070 3567 1115 3613 pro
1125 3559 1198 3613 parte
1209 3557 1327 3614 queritur
1347 3560 1414 3614 quod
1426 3572 1485 3617 para
1496 3559 1621 3617 pecuniae
1632 3561 1734 3609 aolutoe
1745 3562 1817 3608 debi-

98 3623 121 3666 itt
132 3626 291 3682 praeiudicio
303 3639 437 3683 poaaeaaor
449 3631 571 3685 petronae
582 3638 638 3673 eaae
650 3626 775 3683 rideatur,
783 3637 870 3670 rernm
879 3637 939 3683 por·
974 3625 1000 3667 ta
1012 3634 1064 3667 non
1077 3625 1125 3681 eat,
1137 3622 1177 3668 vel
1188 3623 1256 3681 quod
1267 3626 1298 3672 ab
1310 3625 1387 3671 initio
1398 3625 1499 3685 quidem
1511 3626 1623 3673 debitum
1634 3629 1699 3689 init,
1720 3628 1765 3675 aed
1776 3630 1817 3674 rel

98 3689 163 3735 tibua
174 3692 269 3740 actoria
280 3705 333 3738 non
344 3693 463 3740 libertum
475 3692 549 3751 iungi
560 3693 662 3753 debere,
674 3694 717 3739 aed
729 3706 795 3752 eum,
803 3691 845 3746 qni
857 3704 884 3736 ae
895 3704 938 3749 po-
975 3688 1104 3735 diaaoluto
1116 3689 1203 3736 debito
1215 3695 1304 3748 portea
1316 3691 1420 3751 ignarna
1432 3693 1524 3739 iterum
1536 3693 1623 3755 aolrit,
1631 3695 1672 3741 rei
1684 3695 1818 3753 exceptio-

97 3760 426 3807 tronumeaaecontendot.
456 3763 478 3819 p.
495 3761 516 3806 l.
530 3761 580 3816 Qui
592 3758 821 3806 dolodictliaetum
832 3757 937 3816 aliquid,
974 3768 1007 3802 ne
1022 3760 1092 3801 tulna
1111 3770 1200 3803 errore
1217 3771 1261 3802 eae
1276 3759 1398 3816 pecuniae
1414 3760 1550 3819 dependit,
1571 3759 1653 3819 lpaunr
1670 3763 1816 3807 omnimodo

98 3823 155 3871 lieet
166 3827 195 3872 in
204 3828 367 3888 exceptione,
379 3825 471 3873 docere
481 3827 568 3872 dolum
580 3826 717 3871 admiaaom
728 3825 811 3871 debet.
823 3823 847 3880 5.
861 3829 885 3869 2.
897 3825 938 3868 lo·
975 3821 1022 3868 hoc
1033 3824 1178 3884 ostendere,
1191 3824 1257 3880 quod
1270 3824 1310 3870 rel
1322 3826 1378 3884 plna
1390 3827 1475 3872 debito
1486 3827 1621 3887 persolvit,
1634 3829 1674 3875 vel
1686 3827 1735 3875 iam
1748 3829 1818 3876 eolo-

99 3892 282 3952 terroputionia
292 3894 377 3940 tactae
387 3892 564 3951 probationem
575 3894 656 3938 actori
668 3892 766 3950 imponi
782 3891 891 3947 debere,
914 3890 938 3935 id
974 3890 1025 3934 tani
1036 3890 1170 3948 pecuniam
1182 3904 1227 3948 per
1237 3905 1351 3938 errorem
1364 3894 1473 3953 repetita
1484 3893 1615 3941 aoiutione
1627 3894 1756 3954 dependit,
1777 3896 1818 3943 rel

99 3959 270 4018 catenoplia
282 3961 339 4007 iure
351 3960 540 4018 interrogatum
551 3959 619 4005 dixit
630 3958 802 4019 reapondiaac‚
818 3969 845 4003 ae
857 3956 938 4003 aolom
974 3959 1044 4001 tuton
1056 3958 1210 4015 exceptione
1221 3971 1290 4005 ruam
1302 3961 1419 4007 rreaciena
1427 3960 1537 4020 proiecit
1554 3961 1705 4023 pecuniam,
1727 3974 1819 4009 recuu-

99 4020 212 4073 leredem
223 4040 290 4085 eaae;
313 4028 356 4073 vel
367 4028 390 4072 ai
402 4027 513 4072 tocniaae
532 4026 632 4072 dicator
648 4026 837 4085 interrogatur,
860 4037 939 4080 aeque
974 4023 1032 4068 dum
1045 4024 1189 4080 generalem
1201 4026 1325 4085 regulam,
1335 4040 1400 4083 quae
1411 4041 1464 4089 coa,
1473 4027 1515 4084 qui
1528 4029 1695 4087 opponendae
1706 4043 1761 4075 eaae
1772 4043 1819 4074 on-

99 4092 245 4141 tantnndem
256 4094 308 4140 erit
320 4094 463 4156 dicendum,
474 4092 595 4151 imponito
607 4094 761 4151 probatione
772 4103 825 4137 nou
835 4089 875 4153 el,
896 4090 939 4145 qui
974 4090 1107 4147 ceptionea
1118 4092 1251 4153 affirmant,
1265 4092 1306 4140 rel
1317 4094 1426 4141 aolriaae
1437 4094 1552 4142 indebita
1563 4095 1737 4158 contendunt,
1757 4096 1820 4141 baec

96 4161 206 4217 excepit,
218 4175 245 4207 ae
254 4174 306 4207 nan
319 4162 494 4219 reapondiaae,
505 4160 549 4205 aed
560 4159 651 4206 actori.
975 4154 1112 4202 oetendere
1123 4156 1215 4216 exigit.
1253 4161 1275 4218 p.
1286 4161 1309 4204 3.
1321 4161 1350 4205 lo
1365 4160 1481 4209 omnibu·
1492 4167 1575 4209 autem
1588 4161 1743 4217 riaionibna,
1757 4172 1818 4219 quaa

144 4225 215 4274 XIX.
235 4229 320 4274 idern
339 4229 406 4275 titire
427 4228 722 4287 irritamentorum.
759 4228 788 4271 in
804 4223 939 4283 exceptio·
974 4223 1161 4283 propoauimua,
1174 4224 1280 4271 lieentia
1290 4228 1451 4275 coneedendo
1462 4233 1500 4275 eat
1511 4228 1545 4289 el,
1558 4229 1597 4275 cui
1609 4242 1675 4275 onua
1687 4226 1819 4286 probatio·

93 4290 172 4362 pinna
182 4295 314 4342 dicendum
331 4299 385 4355 eat,
406 4307 477 4341 reum
489 4294 604 4353 partibor
615 4294 711 4340 notoria
724 4293 797 4352 longi
809 4297 939 4352 oportere,
964 4282 1015 4335 xnla
1028 4289 1164 4349 incumbit,
1185 4291 1335 4340 adveranrio
1346 4307 1392 4339 auo
1410 4297 1440 4342 de
1458 4295 1496 4343 rei
1514 4295 1622 4344 ueritate
1640 4295 1819 4341 intimandum

92 4366 226 4417 'ltflflmque
237 4363 418 4421 exceptionem
432 4362 502 4408 reiut
514 4361 685 4407 intentionem
703 4361 824 4419 implere;
848 4362 940 4417 utputa
975 4357 1082 4418 interro,
1094 4354 1166 4414 priua
1178 4357 1234 4415 ipro
1248 4371 1294 4417 pro
1306 4360 1431 4408 columnia
1443 4362 1588 4422 iurante,ut
1598 4362 1676 4408 index
1688 4362 1819 4407 iuramen-

88 4421 113 4466 ’ἱ
126 4429 327 4483 pertimerent
339 4429 496 4488 exceptione
508 4432 607 4484 tutatur,
628 4429 720 4474 docere
731 4427 821 4486 debet,
839 4430 939 4484 pactum
976 4424 995 4469 ti
1006 4424 1080 4471 tidem
1091 4428 1194 4469 recolor
1206 4425 1242 4471 ita
1254 4439 1326 4472 auam
1343 4429 1496 4476 uenientium
1513 4429 1596 4488 poerit
1612 4430 1739 4490 turmore,
1762 4427 1820 4475 iura

84 4498 428 4545 conventunrectnmene.
464 4493 939 4555 p.1.Cumqubpmnnirindictone
976 4489 1125 4537 referendae
1137 4491 1273 4550 religionis
1286 4495 1310 4539 ei
1322 4496 1458 4542 aervando.
1494 4498 1553 4555 Μ.
1575 4496 1711 4557 Sedbaec,
1733 4493 1820 4542 ubido

78 4554 939 4623 ⁸iati‚etreipoblicaeeauaaabluiaaeaedicat,etobldnonate·
976 4557 1109 4604 rotatione
1120 4556 1227 4604 indebiti
1241 4559 1356 4615 quaestio
1369 4564 1417 4608 eat.
1452 4562 1497 4607 Sin
1509 4565 1595 4610 autem
1606 4561 1691 4608 cautio
1704 4560 1820 4610 indebite

76 4620 169 4689 tflare,
188 4632 230 4677 rel
241 4632 302 4677 dolo
314 4631 381 4676 malo
393 4629 536 4675 adt'eraorii
548 4631 654 4687 iactum,
675 4640 724 4687 quo
736 4627 821 4672 mirina
833 4625 940 4673 eiaterc·
975 4624 1095 4683 exponite
1106 4638 1161 4671 eaae
1173 4625 1286 4685 dicator,
1304 4632 1329 4671 et
1342 4627 1480 4675 indiscrete
1491 4629 1626 4689 loquatur,
1639 4633 1700 4675 tune
1711 4642 1781 4690 eum,
1793 4627 1822 4675 in

71 4686 144 4755 ttur,
157 4697 198 4744 rei
210 4698 382 4744 valetudinem
394 4697 442 4741 eibi
455 4696 636 4755 impedimento
648 4695 737 4751 iuiaae,
748 4693 790 4739 vel
802 4697 940 4751 lamperto·
975 4704 1049 4747 quem
1062 4692 1148 4737 canalio
1159 4694 1279 4751 exponite
1291 4695 1340 4755 eat,
1351 4695 1469 4754 compelli
1481 4696 1591 4743 debitum
1604 4709 1661 4742 care
1672 4696 1819 4757 ostendere,

63 4752 153 4821 ιΕιιι,
165 4767 275 4822 probme
286 4778 344 4812 eom
356 4765 381 4809 id
393 4768 506 4821 oportet.
542 4765 564 4822 p.
578 4766 601 4808 2.
624 4762 673 4808 Sed
685 4767 710 4809 et
722 4760 743 4805 ai
763 4759 940 4819 procuratoria
976 4761 1043 4817 quod
1054 4759 1081 4804 in
1093 4759 1239 4807 cautionem
1250 4760 1424 4821 dedunitmiai
1437 4763 1491 4820 ipae
1501 4761 1658 4822 apecialiter,
1667 4762 1710 4818 qui
1722 4762 1821 4810 centio·

56 4827 150 4873 Νι
161 4835 318 4890 exceptione
330 4834 434 4889 utatur,
455 4829 565 4886 eoquod
584 4843 636 4875 non
655 4828 772 4874 lieuiaret
789 4827 940 4873 adueraario
977 4839 1034 4873 nem
1046 4826 1177 4887 expondit,
1198 4841 1288 4874 canam
1300 4829 1460 4887 explanavit,
1481 4843 1528 4887 pro
1539 4829 1629 4885 quibua
1641 4830 1747 4877 earrdem
1758 4843 1821 4876 eon·

97 4908 155 4942 are
166 4898 207 4944 uel
218 4899 276 4945 lieri
288 4902 491 4957 procuratorem,
503 4896 612 4955 probare
624 4896 648 4940 id
661 4898 764 4954 oportet
775 4894 940 4941 obiicientem
976 4891 1088 4950 arripnit.
1124 4893 1197 4939 Tune
1209 4894 1278 4941 enlm
1294 4900 1363 4943 utare
1379 4910 1436 4943 enm
1454 4900 1556 4954 oportet
1573 4908 1634 4943 auec
1651 4896 1822 4959 contentioni,

45 4956 72 4987 θ
110 4967 284 5022 ereptionem.
321 4966 343 5023 p.
358 4967 382 5009 3.
406 4965 473 5010 idem
485 4964 536 5010 erit
548 4963 696 5024 dicendum,
716 4962 775 5008 etei
787 4974 817 5007 en
833 4960 941 5019 pecunia
976 4958 1480 5020 nialevidentiaaimiaprobationiboain
1498 4963 1602 5020 acriptia
1619 4962 1715 5013 bubilia
1732 4967 1821 5012 orten-

35 5021 202 5093 Ntator,
213 5044 278 5089 quae
290 5045 354 5090 pene
373 5035 399 5076 to
410 5030 514 5076 dicitur.
549 5032 572 5089 p.
584 5033 608 5075 4.
628 5030 684 5075 iloc
695 5027 819 5088 amplior,
840 5028 862 5072 ai
874 5024 940 5072 indi·
976 5028 1035 5073 dere
1046 5030 1150 5083 poratua
1163 5027 1205 5088 ait,
1217 5041 1274 5075 aeae
1284 5030 1345 5075 baec
1356 5029 1471 5077 indebite
1482 5029 1639 5088 promiaiaae.

30 5086 169 5143 <aefitne
188 5099 225 5145 rel
242 5099 284 5145 rel
304 5098 475 5144 iurisiurandi
493 5097 609 5143 conditio
627 5096 714 5143 delata
732 5095 831 5140 dicatur
847 5094 878 5139 de
899 5106 940 5151 eo,
1024 5091 1116 5137 xxvi.
1133 5094 1304 5153 Pupiniae
1312 5098 1422 5142 uate'bro
1438 5096 1498 5142 XX
1512 5099 1704 5156 Quaestionum.
1723 5098 1821 5146 Procu-

47 5154 160 5208 Nm,
171 5179 238 5212 nunc
250 5166 365 5225 petitur,
386 5164 441 5210 aive
453 5164 480 5209 in
498 5163 556 5210 aleo
571 5167 670 5222 gentum
685 5174 743 5209 eaae
758 5160 940 5222 contendatur,
976 5159 1087 5217 laquum
1104 5173 1210 5218 maginae
1228 5162 1378 5219 quantitatin
1395 5162 1619 5210 fideicommiaaom
1637 5181 1652 5215 a
1669 5167 1750 5213 tratre
1771 5166 1820 5213 eibi

70 5225 150 5271 mm
162 5232 269 5291 implere
281 5230 448 5291 probationea
460 5233 571 5289 oportet.
976 5225 1086 5271 debiturn
1099 5234 1274 5284 postmortem
1287 5229 1342 5275 eiua
1360 5230 1387 5275 in
1403 5232 1504 5277 ratione
1523 5246 1579 5277 com
1598 5231 1734 5279 heredibua
1752 5247 1822 5281 oom-

89 5334 93 5341 .
141 5292 200 5345 xx.
220 5296 762 5357 IniiannatibroXL111.Digertornm.
800 5292 940 5352 Siquiali-
977 5294 1238 5355 peritorerellet,ex
1251 5295 1450 5343 direraoantcm
1462 5298 1632 5361 allegaretur,
1656 5313 1783 5355 linoqunm
1795 5299 1821 5344 id

83 5348 180 5412 strum
190 5367 321 5413 bominem
333 5365 357 5410 vi
368 5364 493 5425 rapuerit,
504 5365 566 5409 inre
578 5363 687 5409 vincuiia
699 5361 827 5417 babuerit,
839 5361 860 5407 ia
873 5360 940 5405 indl-
976 5372 991 5405 a
1002 5361 1098 5417 tratre,
1124 5363 1241 5419 quamdiu
1253 5362 1377 5423 violaret,
1398 5364 1582 5425 desideratum,
1603 5379 1677 5424 quum
1689 5366 1769 5411 variia
1787 5378 1822 5412 ex

78 5417 216 5480 3¹¹¹·alme
226 5432 387 5479 commodum
399 5430 557 5489 poaaeaaorla
569 5433 754 5489 eorracqoetur,
765 5429 826 5485 quia
837 5427 939 5486 probari
976 5425 1060 5471 eauaia
1077 5438 1153 5486 aaepe
1174 5429 1201 5474 in
1222 5429 1349 5476 rationem
1365 5431 1454 5479 lrntria
1470 5432 1591 5493 pecuniae
1605 5433 1674 5480 ratio
1693 5431 1819 5478 Proculae

75 5488 138 5532 '¹⁰¹²
151 5501 263 5557 poterit,
274 5498 403 5544 hominem
416 5511 447 5546 eo
459 5502 587 5559 tempore,
607 5510 657 5557 quo
669 5496 778 5555 primurn
789 5495 823 5541 lia
836 5494 940 5541 ordina·
975 5493 1106 5553 aolriatet,
1118 5496 1193 5540 dirue
1203 5497 1365 5559 commodae,
1385 5511 1460 5555 quum
1473 5512 1550 5557 anper
1560 5512 1591 5546 eo
1603 5498 1710 5557 negotio
1723 5511 1820 5556 cogno»

69 5550 172 5629 mh,
184 5567 213 5614 ln
224 5566 346 5612 libertate
356 5567 446 5612 tulare.
974 5563 1066 5618 noaret,
1074 5562 1236 5609 nonadmiait
1247 5566 1564 5628 compenaatiooem,qoaai
1575 5565 1653 5613 tacite
1664 5563 1739 5611 tratri
1747 5561 1820 5609 odet-

128 5622 213 5680 xxi.
231 5633 432 5680 Marcionita
453 5632 519 5679 titre
543 5632 588 5678 Π.
608 5631 811 5677 Institutionum.
845 5626 939 5675 verina
969 5626 1391 5679 eommiaanmfuiaaetremiaaom.

60 5682 134 5730 “⁸⁰
152 5700 291 5764 exlatinro,
302 5699 395 5763 iprum,
406 5699 450 5756 qul
461 5699 531 5762 agit,
553 5698 579 5745 id
590 5702 628 5746 cat
638 5695 808 5757 legatarium,
828 5695 938 5754 probare
1022 5691 1127 5741 xxvii.
1149 5696 1315 5745 Scaeuola
1335 5698 1732 5758 ueroxxxrrrnqnnrm.
1768 5684 1821 5749 Qui

1345 5766 1402 5812 88⁸
