4354 6424
651 415 818 473 coust.
853 414 913 477 tu
953 411 1346 473 tutunussouuu

139 568 187 615 ber
197 561 373 612 similitereis
383 559 526 627 eperietur,
549 574 622 623 quem
634 560 667 609 ed
677 562 790 612 edietum
799 559 940 624 Aedilium,
956 562 984 609 et

141 635 174 683 de
187 631 364 680 redhibitorie
375 631 481 678 setione
493 663 501 691 ,
521 633 548 678 et
560 630 591 677 de
602 630 791 693 evictionibus,
812 644 860 678 neo
871 643 926 677 non
936 629 983 675 du-

143 703 202 762 ptse
220 699 400 757 stipuletione
419 697 618 757 composuimus.
656 699 739 752 tluuns
759 697 828 745 enim
849 711 914 757 quse
935 710 983 755 pro

144 768 301 818 emtionibus
312 771 340 815 et
352 765 547 813 venditionibus
567 764 668 824 legibus
678 770 754 813 eeute
770 768 847 828 sunt,
869 764 983 811 inlibris

144 839 175 884 de
194 836 271 882 renes
291 833 468 896 preetulgeut,
492 832 542 881 bse
558 837 646 879 sutem
660 845 758 895 omnes,
779 846 842 892 quus
862 831 983 893 diximus,

145 902 310 952 definitiones
321 902 349 947 in
359 900 452 948 ultime
462 904 535 960 perte
551 899 649 959 prioris
667 901 746 947 edicti
757 900 862 946 luerent
872 901 984 960 positae,

145 968 294 1019 mensurio
316 983 361 1015 ess
381 968 409 1014 in
430 968 591 1016 enteriorem
610 966 693 1013 locum
716 967 904 1028 transtulimus,
924 979 985 1013 nes

145 1035 360 1099 venditionibus,
380 1048 488 1095 querum
509 1032 582 1095 qussi
603 1035 738 1083 ministres
756 1038 830 1097 sunt,
852 1032 985 1082 sieiuitete

145 1106 254 1154 ulterius
270 1104 442 1163 denegentur.
479 1102 513 1149 Et
531 1101 579 1148 bos
599 1104 654 1148 tres
674 1101 757 1149 libros
777 1114 825 1161 pro
841 1099 985 1148 acutissimi

146 1172 283 1233 lepinisni
294 1172 412 1220 lectione
423 1170 563 1217 tredendos
575 1169 716 1233 posuimus,
727 1170 799 1217 euius
810 1167 945 1217 volumius
957 1167 985 1213 in

146 1241 221 1289 tertio
231 1253 306 1286 euno
316 1238 429 1287 studiosi
441 1237 601 1299 reeitsbsut,
629 1250 684 1284 nou
694 1251 728 1285 ex
741 1237 810 1289 omui
824 1249 914 1284 eorum
926 1248 985 1285 eor-

147 1323 215 1370 pore,
225 1307 273 1354 sed
284 1306 396 1367 epersim
406 1318 487 1365 penes
497 1317 529 1352 es
537 1298 624 1350 multis
636 1308 663 1352 et
673 1304 701 1351 in
710 1294 759 1353 lise
769 1308 843 1365 perte
854 1294 985 1363 eeeipieu·

146 1383 190 1424 tes.
226 1374 310 1422 Vobis
322 1377 408 1421 suum
419 1370 606 1433 pulcherrimus
618 1372 777 1435 Pspiniuuue
789 1385 843 1420 non
854 1370 940 1421 solum
950 1384 985 1419 es

147 1441 286 1504 responsis,
309 1455 373 1501 quse
386 1440 513 1486 indecem
525 1443 552 1487 et
566 1452 661 1488 novem
677 1440 760 1488 libros
770 1439 919 1500 composite
928 1438 985 1486 lue·

149 1515 221 1574 rent,
241 1509 288 1557 sed
297 1508 378 1557 etism
388 1521 422 1556 ex
433 1506 509 1553 libris
525 1509 624 1567 septem
634 1512 660 1555 et
670 1508 781 1570 triginte
793 1506 984 1569 qusestiouum,

152 1576 286 1640 etgemiuo
298 1575 431 1623 volumine
449 1570 643 1636 definitionum,
664 1589 713 1625 nee
728 1572 826 1624 non'de
837 1572 984 1637 eduiteriis,

151 1653 261 1709 etpsene
272 1642 345 1691 omui
356 1642 411 1690 eius
429 1644 595 1702 expositione
609 1642 721 1691 inomni
736 1636 887 1691 nostroru‘m
904 1641 985 1700 Dige-

150 1722 244 1762 storum
253 1711 424 1759 ordinetione
434 1711 601 1771 preelulgens
612 1711 726 1771 propriis
737 1711 855 1772 pertibus
867 1708 983 1768 pressis-

147 1796 198 1829 rsm
207 1780 250 1828 sssi
260 1778 445 1829 reeitstionem
454 1778 598 1838 prsebebit.
633 1779 673 1828 Ne
684 1783 769 1826 eutem
780 1777 853 1828 tertii
864 1775 927 1824 enni
939 1787 985 1822 su·

148 1851 258 1911 ditores,
279 1861 344 1910 quos
360 1845 555 1907 Pepluisuistes
573 1850 682 1910 sumt,
703 1859 798 1895 nomeu
809 1849 837 1894 et
852 1842 986 1893 testirite-

148 1924 194 1966 tem
204 1917 264 1965 mne
274 1918 397 1963 emittere
405 1914 552 1976 sidesntur,
563 1914 619 1974 ipse
630 1914 723 1962 iterum
733 1914 762 1961 ln
773 1912 880 1962 tertium
889 1923 986 1960 sssnusi

147 1999 189 2046 per
205 1983 379 2032 bellissimus
398 1980 620 2031 mssbinstisnem
634 1981 799 2031 introductus
815 1983 871 2041 est,
891 1980 986 2027 librum

146 2053 212 2101 esim
222 2049 430 2111 isppotlseeerise
437 2063 473 2097 ex
482 2048 633 2111 primordiis
638 2050 744 2110 plenum
752 2049 869 2098 elusdem
877 2045 985 2097 murini

145 2120 284 2181 Pspisiesi
295 2119 402 2168 teoimus
413 2117 538 2181 lectione,
550 2121 616 2167 utet
627 2130 722 2167 nomen
734 2130 771 2167 ex
781 2130 814 2165 eo
824 2117 946 2177 besens,
957 2116 985 2163 et

145 2188 340 2249 Pspiuisnistee
357 2190 501 2250 sonentur,
522 2190 551 2233 et
567 2186 624 2234 eius
641 2186 841 2236 nmluhoentes
852 2186 879 2232 et
889 2181 984 2232 leetid-

146 2260 250 2319 eestur,
270 2261 297 2303 et
307 2257 403 2302 testum
412 2254 496 2316 diem,
517 2266 591 2315 quem
603 2267 660 2303 eum
671 2253 863 2315 primumlepes
873 2252 930 2301 elus
940 2264 985 2298 se-

146 2325 278 2384 eipiebent
297 2322 431 2371 celebrere
451 2322 581 2384 solebsnt,
602 2324 739 2385 peterent,
760 2324 787 2368 et
806 2322 912 2371 meuses
932 2316 985 2365 siri

147 2389 322 2439 sublimissimi
334 2388 502 2449 prseteetorii
513 2388 651 2449 l'spistsni
663 2392 690 2437 et
700 2389 802 2449 perboe
812 2388 840 2437 in
851 2390 986 2437 ueternum

148 2460 289 2520 memorie,
310 2456 409 2517 bosque
427 2456 540 2505 termino
551 2456 698 2513 tertilsnni
715 2455 836 2507 doctrine
845 2454 985 2505 eonsiuds·

147 2531 196 2573 ter.
233 2529 294 2588 pil.
306 2524 359 2573 Sed
378 2523 440 2581 ouis
461 2524 569 2573 solitum
588 2528 643 2587 est,
663 2525 726 2573 suni
747 2524 833 2586 ‹puerti
851 2523 985 2571 studiosos

146 2606 238 2651 preeeo
250 2598 278 2642 et
289 2598 418 2640 consueto
428 2592 616 2653 quodsmmndu
627 2592 754 2642 soesbulo
763 2583 856 2644 As'rene
867 2589 1001 2651 eppeils··

147 2659 178 2724 ri,
198 2660 311 2710 bebesnt
324 2659 437 2722 quidem,
457 2660 641 2721 sinisterius,
651 2659 700 2708 linc
710 2672 863 2722 sopnomeu,
882 2672 931 2719 pro
943 2670 985 2705 re-

146 2727 246 2788 sponsis
257 2732 345 2776 estem
361 2727 558 2787 prudentissimi
573 2727 672 2790 Psuli,
693 2740 758 2788 quse
775 2732 854 2775 entes
863 2738 898 2775 ex
908 2724 984 2773 libris

146 2796 239 2855 sinisti
251 2795 392 2844 tribueris
403 2796 432 2842 lu
442 2796 531 2848 decem
540 2799 567 2849 et
577 2800 638 2845 neto
652 2795 807 2857 reeitsbsnt,
817 2808 864 2856 per
873 2793 925 2847 ism
936 2805 984 2841 ex·

145 2864 256 2923 positam
267 2863 448 2920 eontusionem
464 2875 511 2911 eos
522 2862 657 2926 legentes,
676 2862 857 2912 denen-libros
867 2861 984 2921 singule-

144 2945 194 2993 res,
215 2930 261 2988 qui
271 2946 304 2979 ex
315 2931 522 2997 quatuordeeim,
542 2944 606 2992 quos
617 2933 697 2981 entes
707 2930 922 2991 enumereslmus,
940 2941 983 2975 su·

144 3001 262 3060 pessunt,
282 2999 405 3047 studesnt
422 2998 559 3062 leetitsre,
579 3000 662 3053 multo
677 2998 786 3047 msiuris
799 3001 829 3047 et
847 2996 984 3058 emplioris

145 3067 301 3126 prudentise
316 3080 351 3114 es
367 3067 407 3114 eis
420 3066 557 3115 tbessuros
572 3066 747 3129 eonseesturi,
769 3078 844 3127 quem
858 3079 933 3127 quesn
948 3076 984 3113 ex

145 3134 283 3181 l'euiienie
300 3135 426 3189 bebebeut
441 3134 582 3194 responsis.
618 3137 654 3187 Et
666 3134 707 3183 lte
717 3135 802 3187 omnis
819 3133 885 3183 ordo
900 3132 983 3179 libro-

147 3213 207 3246 rum
223 3200 396 3259 singulerium
411 3215 427 3247 s
443 3201 515 3253 uobis
525 3205 684 3262 eompositus
692 3236 700 3265 ,
722 3206 748 3251 et
758 3202 787 3249 lu
798 3202 885 3249 deeem
902 3203 929 3247 et
940 3212 982 3246 se·

149 3271 220 3325 ptem
230 3267 313 3315 libros
323 3267 449 3331 pertitus,
470 3282 553 3319 eornm
571 3270 666 3319 enimie
684 3269 846 3331 imponetur,
868 3266 981 3327 quernis

149 3334 249 3383 dusius
268 3334 432 3394 Digestorum
449 3337 566 3395 peruius
581 3339 722 3399 posuimus,
744 3337 827 3385 idest
844 3337 936 3395 qusrte
955 3337 982 3381 et

145 3399 246 3465 quinte,
255 3404 396 3451 seeundum
405 3406 502 3465 septem
512 3407 625 3465 pertinen
636 3405 855 3455 distributionem.
868 3402 901 3449 Et
912 3401 982 3462 quod

144 3467 196 3514 iens
206 3470 295 3528 primis
307 3470 392 3518 verbis
410 3472 537 3523 untionis
547 3479 656 3525 nostrse
673 3474 820 3536 posuimus,
840 3483 929 3520 serum
939 3469 980 3517 in-

145 3536 273 3601 uenietur,
295 3542 323 3586 ut
332 3551 368 3587 ex
378 3539 488 3601 triginte
499 3554 547 3593 sex
557 3543 686 3593 librorum
697 3542 853 3591 reeitstiono
863 3538 927 3587 deut
939 3537 980 3585 iu-

144 3616 221 3651 seues
230 3605 356 3670 periodi,
387 3608 457 3657 eisd
467 3622 543 3659 omne
554 3622 617 3672 opus
633 3610 779 3672 legitimum
788 3606 924 3669 instructi,
952 3607 981 3659 st

144 3675 232 3721 nostro
243 3677 361 3733 tempore
370 3687 424 3723 nou
434 3676 555 3741 instent,
576 3678 674 3731 dusbus
684 3676 747 3733 eliis
754 3678 882 3742 pertibus,
902 3673 980 3727 idest

144 3743 217 3787 sexte
227 3744 254 3788 et
264 3743 375 3802 septime
385 3747 537 3794 nostrorum
547 3745 724 3807 Digestorum,
740 3759 805 3805 quse
815 3746 844 3793 in
855 3745 979 3805 qustuor-

145 3806 223 3854 deeim
240 3808 325 3859 libros
340 3812 501 3873 eomposltse
517 3817 594 3874 sunt,
616 3815 656 3863 lte
666 3812 816 3877 dispositis,
836 3816 866 3861 ut
876 3810 978 3873 possint

142 3878 229 3932 postes
238 3889 284 3923 ess
295 3882 321 3924 et
330 3878 433 3942 legere,
463 3884 492 3928 et
501 3881 531 3929 iu
547 3882 653 3932 iudiciis
663 3882 810 3931 ostendere.
846 3880 977 3936 unumst

143 3941 205 3990 bene
213 3956 271 3994 sese
281 3944 436 4010 imbuerint,
447 3949 474 3997 et
485 3948 514 3997 in
525 3949 611 4011 quinti
622 3951 696 4015 suni,
717 3962 768 4011 quo
778 3948 900 4010 proiytse
909 3960 978 3995 unn-

144 4015 274 4075 tnpsntur,
285 4019 369 4062 metes
380 4016 597 4073 constitutionum
606 4020 723 4073 sodieem
733 4020 787 4075 terp
796 4017 891 4079 legere,
903 4029 979 4077 quem

1839 416 1872 477 ii

1036 558 1153 623 usnimi,
1176 562 1202 609 et
1213 559 1331 609 tristities
1343 557 1473 609 estellites
1483 559 1661 625 invenientur,
1683 561 1877 614 etiudieioruts

1037 630 1126 688 optimi
1139 634 1191 677 tem
1201 628 1331 693 stbietne,
1353 641 1428 689 quum
1443 630 1630 691 pubernstnres
1642 630 1750 680 inomni
1761 633 1820 681 loeo
1831 648 1880 681 se·

1036 709 1121 755 voque
1139 697 1238 744 ielieee.
1274 699 1298 757 p.
1311 700 1336 744 t.
1348 697 1417 747 tteee
1435 702 1519 748 sutem
1541 699 1591 747 tris
1611 700 1745 749 volumius
1767 715 1783 747 s
1800 701 1877 749 nobis

1036 763 1180 822 composite
1190 764 1257 811 troili
1269 765 1307 810 eis
1325 770 1375 811 tem
1393 763 1421 810 iu
1437 765 1519 827 regiis
1534 766 1652 830 urbibus,
1673 782 1748 830 quum
1759 768 1787 815 in
1798 771 1878 830 llery-

1036 829 1160 877 tiensium
1181 831 1355 891 pulcherrime
1376 832 1489 893 eiritste,
1507 848 1582 894 quem
1599 837 1625 880 et
1645 833 1731 895 legum
1752 838 1878 884 nutricem

1036 898 1103 945 bene
1113 896 1171 956 quis
1183 898 1310 961 sppellet,
1330 901 1506 949 tsutuntmudo
1516 902 1651 965 volumus,
1672 906 1751 965 (quod
1761 903 1811 951 isin
1823 908 1850 952 et
1862 917 1878 950 s

1038 968 1110 1012 retro
1130 964 1289 1023 principibus
1309 967 1476 1013 coustitutum
1487 968 1536 1027 est)
1557 973 1584 1016 et
1604 971 1704 1018 nonin
1720 971 1781 1019 eliis
1798 971 1877 1035 loeis,

1037 1045 1103 1093 quse
1112 1045 1130 1081 e
1139 1031 1283 1081 meierum
1293 1032 1347 1083 teie
1356 1046 1411 1080 son
1420 1036 1564 1084 meruerint
1573 1037 1748 1101 priuilegium,
1760 1039 1821 1099 quie
1831 1053 1877 1086 nn-

1036 1098 1148 1147 divimus
1162 1099 1214 1145 ism
1225 1099 1253 1145 in
1265 1099 1446 1148 Alessudrine
1456 1103 1665 1159 splendidissime
1676 1107 1790 1168 civitate,
1812 1106 1878 1154 etin

1037 1166 1254 1230 Cnessrieusium,
1276 1169 1302 1216 et
1311 1168 1339 1214 in
1349 1168 1409 1215 eliis
1422 1171 1544 1227 quosdam
1557 1171 1689 1230 imperitos
1699 1173 1817 1225 homiues
1830 1174 1877 1221 de·

1037 1233 1143 1348 iiiii
1154 1234 1794 1366 filutttitriitil'illlizititltit‘t⁵
1804 1255 1875 1357 3:¹2:

1775 1344 1782 1369 i

1037 1368 1095 1415 susi
1105 1368 1204 1416 tuerint
1214 1369 1241 1416 in
1251 1374 1380 1431 posterum
1390 1370 1439 1418 boe
1449 1376 1605 1433 perpetrsre,
1626 1378 1652 1421 et
1662 1378 1738 1423 extre
1747 1377 1822 1425 urbes
1833 1344 1875 1425 ie·

1035 1436 1104 1499 pies,
1123 1439 1151 1483 et
1164 1436 1354 1497 berytiensium
1366 1439 1524 1498 metropolin
1535 1441 1584 1489 boe
1592 1443 1688 1503 leoere,
1708 1444 1830 1492 densrnm
1840 1445 1875 1492 li·

1037 1504 1141 1551 brsrum
1151 1503 1208 1551 suri
1218 1518 1303 1565 poene
1312 1505 1477 1569 pleetsntur,
1498 1512 1523 1554 et
1533 1509 1688 1557 relicisntur
1698 1511 1729 1556 eb
1740 1525 1771 1559 ee
1781 1513 1874 1559 civite-

1036 1573 1073 1634 te,
1096 1572 1123 1623 iu
1144 1583 1195 1631 que
1210 1582 1265 1620 non
1280 1572 1353 1633 leges
1368 1574 1479 1637 docent,
1500 1576 1590 1632 sedin
1607 1577 1679 1635 leges
1700 1578 1872 1631 rnrnrnittnnt.

1037 1640 1061 1699 ς.
1074 1641 1099 1686 8.
1112 1637 1293 1703 illudentem,
1314 1641 1381 1699 quod
1398 1641 1449 1688 ism
1460 1644 1514 1689 tum
1524 1646 1557 1690 sb
1573 1634 1650 1691 initio
1668 1646 1790 1705 hocopus
1802 1661 1875 1695 men-

1038 1706 1129 1753 dsutee
1139 1706 1169 1753 iu
1179 1714 1271 1755 nostre
1280 1709 1401 1756 orstions
1413 1741 1421 1771 ,
1444 1712 1471 1757 et
1486 1715 1544 1771 pust
1559 1712 1713 1771 completum
1724 1713 1750 1759 iu
1763 1714 1815 1763 elis
1825 1729 1875 1764 no·

1037 1772 1088 1819 stri
1098 1774 1212 1821 numinis
1222 1776 1409 1824 eosstitutione
1420 1777 1578 1843 scripsimus,
1599 1783 1626 1827 et
1635 1793 1705 1827 nune
1715 1782 1817 1831 utiliter
1827 1797 1875 1844 po-

1037 1839 1133 1904 nimus,
1152 1844 1181 1889 ut
1200 1856 1278 1892 nemo
1297 1845 1392 1892 eudest
1411 1857 1511 1909 eorum,
1532 1847 1576 1907 qui
1595 1847 1678 1896 libros
1698 1850 1874 1916 conscribunt,

1036 1907 1106 1968 sigis
1115 1909 1143 1956 in
1155 1909 1195 1957 bis
1205 1924 1321 1976 ponere,
1343 1915 1369 1959 et
1409 1925 1424 1959 r
1439 1914 1618 1977 eompendium
1637 1916 1684 1977 ipsi
1696 1916 1783 1977 legum
1794 1919 1875 1969 inter-

1037 1977 1179 2037 pretstionl
1195 1979 1238 2026 rel
1254 1978 1435 2045 compositori
1449 1984 1592 2035 murinum
1612 1984 1708 2039 elleme
1723 1987 1875 2049 discrimen,

1037 2043 1142 2093 seiturls
1153 2047 1272 2095 omuibus
1282 2047 1412 2114 librsrlis,
1431 2051 1475 2111 qui
1491 2051 1540 2099 bue
1554 2052 1583 2098 iu
1598 2057 1728 2111 posterum
1740 2054 1876 2108 commise-

1037 2113 1102 2176 rint,
1121 2115 1191 2174 uuod
1199 2119 1258 2178 post
1266 2116 1428 2167 eriminslem
1438 2130 1548 2178 poeusm
1558 2119 1763 2173 resitutionem
1773 2124 1835 2172 libri
1847 2125 1875 2172 is

1038 2180 1142 2241 duplum
1152 2183 1259 2231 domino
1269 2184 1341 2248 etus,
1362 2184 1385 2231 sl
1396 2186 1524 2235 nescienti
1541 2188 1674 2252 dederint,
1695 2189 1795 2240 inferre
1805 2206 1875 2243 eom·

1037 2248 1182 2311 pellentur,
1202 2265 1279 2313 quum
1289 2256 1316 2300 et
1329 2252 1399 2317 ipse,
1421 2253 1465 2315 qui
1483 2255 1560 2303 telem
1571 2255 1667 2305 librum
1678 2261 1876 2323 computaverit,

1035 2316 1181 2377 pronihilo
1193 2334 1250 2367 eum
1268 2320 1384 2384 hebebit,
1408 2321 1512 2375 nemine
1528 2322 1613 2373 iudice
1629 2335 1663 2375 er
1678 2327 1727 2373 toli
1738 2327 1808 2377 libro
1817 2328 1875 2376 lieri

1037 2384 1217 2434 rseitstiouem
1228 2389 1400 2452 consedente,
1422 2390 1468 2437 sed
1483 2405 1531 2450 pro
1547 2403 1600 2437 non
1612 2392 1707 2453 scripto
1718 2407 1777 2442 etim
1785 2395 1875 2443 belieri

1038 2450 1200 2511 disponente.
1237 2457 1260 2515 d.
1274 2460 1298 2503 u.
1311 2457 1381 2509 lllud
1397 2468 1461 2505 sero
1479 2458 1543 2507 setis
1561 2461 1737 2513 neeesserium
1747 2464 1874 2513 eonstitu-

1037 2520 1092 2567 tum
1102 2533 1159 2569 eum
1170 2535 1267 2573 summe
1276 2522 1491 2577 interminstione
1499 2525 1637 2591 edieimsrs,
1658 2532 1687 2577 ut
1697 2543 1773 2579 nemo
1783 2532 1875 2579 sudent

1037 2598 1121 2647 neque
1131 2588 1159 2634 ln
1169 2590 1217 2638 ise
1232 2591 1443 2652 splendidissime
1457 2592 1578 2657 eisitste,
1598 2608 1682 2656 neque
1698 2597 1728 2644 iu
1738 2599 1874 2660 Berytieu-

1036 2653 1104 2701 sium
1122 2657 1296 2716 pulcherrimo
1316 2659 1410 2725 oppido
1430 2672 1465 2709 ex
1483 2660 1538 2723 bis,
1557 2662 1731 2724 quilegitims
1750 2669 1876 2727 peremunt

1037 2722 1139 2788 studis,
1161 2725 1283 2786 indiguos
1303 2731 1329 2775 et
1345 2726 1480 2790 pessimos,
1502 2728 1580 2779 immo
1599 2732 1682 2791 msgis
1703 2734 1827 2797 serviles,
1847 2739 1875 2783 et

1036 2802 1144 2849 quorum
1153 2793 1262 2842 enectus
1272 2795 1370 2847 iniuris
1379 2798 1426 2860 est,
1445 2795 1522 2849 ludos
1532 2810 1666 2862 exercere,
1687 2806 1712 2850 et
1723 2802 1776 2850 slis
1787 2801 1874 2853 erimi-

1036 2869 1072 2903 ne
1082 2858 1126 2907 sel
1135 2859 1164 2907 in
1175 2861 1245 2922 ipsos
1255 2864 1425 2925 prolessnres,
1445 2865 1488 2913 sel
1498 2865 1526 2912 in
1537 2867 1623 2915 socius
1634 2881 1703 2931 suos,
1724 2874 1752 2917 et
1760 2871 1875 2921 mesine

1036 2924 1066 2972 in
1073 2939 1129 2991 eos,
1140 2928 1185 2989 qui
1195 2932 1271 2981 rudes
1280 2933 1313 2981 ed
1323 2932 1502 2983 renitetionesu
1512 2933 1599 2995 legum
1610 2938 1731 2998 ueniunt,
1742 2943 1873 2999 perpetre-

1036 3007 1075 3044 rs»
1109 2994 1175 3049 tint·
1185 2999 1256 3046 euim
1266 2999 1342 3047 ludos
1353 2999 1465 3063 appellet
1476 3015 1531 3064 eos,
1551 3017 1583 3051 ex
1595 3003 1688 3063 quibus
1699 3005 1809 3054 erimine
1817 3005 1873 3055 nri-

1035 3064 1133 3113 urmes
1167 3065 1224 3115 line
1233 3066 1330 3118 etenim
1341 3067 1399 3115 deri
1411 3068 1485 3116 nulio
1495 3069 1608 3129 petimur
1619 3075 1710 3134 modo,
1720 3073 1765 3120 sed
1775 3074 1872 3133 optimo

1035 3128 1124 3179 ordini
1134 3130 1162 3178 iu
1175 3134 1272 3181 nostris
1283 3134 1441 3194 temporibus
1457 3140 1483 3182 et
1497 3136 1563 3185 bene
1573 3142 1672 3198 perteus
1687 3140 1826 3202 tradimus,
1844 3143 1872 3186 et

1034 3196 1083 3243 toti
1094 3203 1199 3258 postero
1216 3202 1414 3249 trunsmittimus
1432 3203 1553 3264 soeculo,
1575 3217 1650 3264 quum
1669 3206 1871 3267 oportestprius

1034 3262 1137 3328 enlmis,
1157 3270 1183 3315 et
1203 3273 1295 3328 postes
1314 3268 1412 3329 linguis
1432 3268 1489 3317 fleri
1505 3270 1630 3319 eruditos.
1668 3274 1691 3333 p.
1706 3274 1744 3319 iti.
1756 3272 1790 3320 Et
1807 3274 1871 3321 haee

1034 3331 1123 3379 omnis
1137 3332 1166 3381 iu
1181 3334 1229 3384 bse
1245 3336 1348 3397 quidem
1369 3335 1554 3385 tarentinum
1569 3337 1675 3387 civitate
1692 3340 1733 3387 rir
1749 3340 1871 3388 exdelsus

1032 3400 1182 3449 l’rseleetus
1193 3403 1269 3451 buius
1279 3405 1362 3453 slmse
1376 3402 1448 3455 urbis
1462 3407 1514 3455 tens
1525 3408 1677 3469 observsre,
1698 3421 1772 3469 quem
1785 3408 1870 3457 vindi-

1033 3482 1101 3533 esre,
1121 3478 1197 3530 prout
1208 3471 1296 3521 delicti
1307 3475 1359 3519 tem
1369 3472 1501 3535 iuuenum,
1512 3486 1586 3533 quem
1596 3474 1750 3533 scriptorum
1760 3476 1872 3536 qustitns

1032 3537 1167 3599 exegerit,
1188 3553 1265 3589 euree
1277 3539 1395 3603 hebebit,
1415 3539 1444 3586 in
1462 3540 1652 3601 Berytieusium
1669 3547 1755 3591 sutem
1765 3542 1871 3592 eisitute

1032 3606 1084 3653 teus
1104 3604 1145 3663 vir
1160 3606 1319 3663 plerissimus
1336 3608 1443 3671 Puseses
1460 3607 1600 3659 Poenicise
1615 3610 1775 3673 sueritlmse,
1797 3624 1871 3672 qnnu

1032 3671 1195 3727 bestiesimus
1207 3675 1320 3727 elumen
1332 3675 1445 3727 eiiltstis
1455 3675 1598 3743 episcopus,
1609 3681 1635 3726 et
1644 3677 1730 3738 legum
1738 3679 1871 3740 protessu-

1032 3751 1082 3787 res.
1117 3742 1141 3807 §-
1154 3744 1193 3789 tl.
1206 3743 1316 3807 lneipite
1327 3743 1406 3804 igitur
1422 3744 1509 3804 lerum
1519 3744 1661 3793 douriuem
1673 3745 1713 3794 eis
1723 3745 1766 3793 dei
1775 3747 1871 3807 puber-

1032 3806 1140 3855 nstioue
1160 3811 1272 3873 tredere,
1294 3814 1321 3859 et
1341 3810 1409 3859 siem
1426 3812 1537 3878 eperire,
1555 3826 1632 3875 quem
1643 3827 1692 3863 nos
1712 3814 1869 3871 invenimus,

1032 3880 1159 3936 quotenus
1168 3877 1233 3927 dest
1249 3879 1341 3941 optimi
1359 3878 1478 3929 inruisse
1493 3881 1686 3943 etreipubliese
1697 3882 1823 3944 ministri,
1844 3887 1871 3929 et

1031 3956 1079 3991 vos
1090 3944 1229 3995 mesimum
1240 3949 1317 3995 decus
1328 3947 1356 3995 iu
1368 3960 1444 3997 omne
1454 3949 1586 3996 seeeulnm
1598 3954 1731 4011 sequetur,
1753 3949 1815 4010 quis
1825 3962 1870 3997 se-

1030 4012 1093 4059 stris
1103 4015 1261 4073 temporibus
1271 4015 1333 4063 telis
1343 4015 1429 4075 urum
1438 4016 1545 4066 iuuenis
1555 4018 1594 4064 est
1612 4017 1786 4082 permutetio,
1808 4030 1870 4078 que-

143 4079 268 4131 suitiliter
280 4079 432 4142 insculpere
442 4085 571 4151 studeent,
582 4087 651 4137 nibil
658 4087 700 4137 eis
710 4084 841 4145 lspltlmse
852 4085 978 4137 seientiee
1030 4078 1082 4127 lem
1093 4085 1120 4128 et
1131 4083 1198 4142 spud
1208 4084 1357 4147 nonem,
1378 4086 1476 4143 petrem
1487 4084 1571 4131 omnis
1583 4083 1700 4147 virtutis,
1717 4085 1831 4135 Glsuens
1844 4089 1869 4131 et

141 4144 232 4210 deerit,
253 4150 299 4199 sed
310 4163 413 4200 omnem
427 4152 460 4200 eb
477 4150 556 4205 initio
573 4167 654 4216 usqne
669 4154 702 4203 ed
717 4152 797 4201 duem
812 4152 866 4203 suis
883 4150 978 4203 enlmis
1029 4147 1168 4204 Diomedes
1179 4149 1248 4203 inter
1258 4164 1287 4201 se
1297 4151 1415 4214 leelunt,
1433 4151 1574 4203 dissimilis
1584 4156 1769 4216 permutentes,

143 4215 352 4276 sumpleetentur,
374 4221 413 4283 et,
434 4221 502 4289 quod
515 4224 639 4282 pseuedu
650 4223 704 4271 slis
722 4220 797 4273 nulls
808 4220 897 4269 evenit
911 4222 977 4283 erte,

1129 4212 1237 4282 Χρύσης
1245 4217 1379 4280 χαλκείων,
1399 4212 1549 4287 irnrdppius'
1563 4217 1715 4282 ἐννεαβοίων
1733 4219 1766 4281 ¹¹).

142 4294 212 4338 issu
219 4317 228 4347 ,
253 4285 303 4332 etsi
315 4285 475 4351 vilissimse,
496 4302 587 4339 omnes
598 4294 685 4341 temen
695 4287 814 4339 induitee
825 4288 894 4350 siut,
913 4286 977 4335 beee
1026 4281 1103 4337 iinon
1115 4285 1203 4335 omnis
1213 4287 1333 4339 obtinere
1344 4285 1473 4336 sentimus
1483 4287 1511 4335 in
1519 4300 1594 4335 omne
1605 4300 1698 4338 serum
1708 4287 1739 4335 sb
1751 4285 1870 4337 omnibns

142 4349 314 4403 renidentis
330 4353 423 4405 bsbest
438 4354 515 4405 finem
531 4357 678 4411 mirsbilem
687 4392 695 4421 ,
716 4356 846 4418 pressentl
861 4361 976 4415 tempore
1029 4354 1081 4402 tssn
1091 4354 1298 4419 professoribus,
1318 4366 1390 4412 quem
1403 4353 1489 4412 legum
1504 4355 1687 4417 suditoribus,
1708 4353 1867 4415 etlibreriis,

139 4417 236 4464 euobis
247 4424 341 4471 ortum.
378 4423 441 4483 Μ.
452 4423 580 4489 Discipuli
594 4426 684 4489 igitur,
708 4423 827 4476 omnibus
839 4427 877 4472 ets
886 4422 976 4489 legiti-
1029 4418 1273 4483 stipsisiudleibus
1291 4421 1460 4471 observsnds.
1495 4422 1573 4469 uara
1587 4425 1695 4487 septimo
1706 4421 1869 4469 decissolta·

138 4484 184 4530 mie
204 4488 304 4537 eremus
326 4489 451 4538 reseretis
462 4525 470 4555 ,
481 4492 560 4543 -nidil
580 4493 691 4545 bebeent
710 4491 908 4553 sbsconditum,
930 4490 976 4544 sed
1028 4485 1120 4536 lendes
1131 4488 1286 4547 Ianuarias,
1309 4490 1538 4549 constantinopoli,
1557 4490 1668 4536 Domine
1685 4488 1870 4539 sostrolests'-

139 4552 255 4599 omnibus
265 4556 397 4620 perlectis,
407 4571 473 4618 quse
483 4573 500 4608 e
509 4561 587 4609 nobis
598 4575 644 4623 per
654 4560 809 4613 ‘t'rlboninui
823 4559 873 4613 viri
885 4560 974 4609 essel-
1028 4555 1106 4603 siene
1113 4563 1240 4623 vetustiss
1248 4557 1363 4621 deusto
1374 4563 1416 4605 Μ
1427 4558 1544 4609 ‘Ml‘-
1562 4554 1645 4617 (ὕων)

139 4617 160 4665 si
171 4618 341 4673 ministerium
356 4629 553 4691 oeterorumque
564 4629 707 4696 composite
717 4632 795 4692 sunt,
818 4630 844 4676 st
855 4630 974 4675 emtores

1056 4634 1078 4692 ⁶)
1093 4634 1170 4680 dures
1179 4637 1262 4690 nereis,
1279 4643 1375 4683 sentens
1384 4637 1526 4682 uosensriis.⁴
