4356 6440
352 319 406 375 tut

355 458 451 506 nlicere
463 459 619 504 immeturanr
629 453 800 514 decerpserit,
811 453 852 499 rel
863 455 974 511 repetem
984 452 1126 499 desecuerit
1137 451 1185 499 itu·

355 530 495 584 rnatureiu,
514 524 555 569 rel
577 522 666 567 vinear
682 521 793 582 cruder,
810 519 915 576 Aquilia
925 518 1072 578 tenebiturq
1093 517 1184 580 quodni

356 593 404 639 iarn
415 595 543 649 moturae,
554 591 637 635 cerunt
647 587 762 646 Aquilia3
779 586 853 633 nulle
863 586 932 633 enirn
942 586 1041 633 iniurie
1051 589 1098 648 ert,
1109 599 1186 645 quum

355 659 403 704 tibi
413 658 490 703 ctiern
500 656 627 714 impeneer
638 654 781 716 donaverit,
792 667 856 714 quae
866 654 895 701 in
905 654 1087 702 collectionem
1097 653 1186 701 boine-

354 724 423 771 modi
443 724 572 770 tructunru
588 721 779 779 impenduntur.
815 721 866 768 Sed
876 721 901 768 ei
909 721 1019 769 collecta
1029 722 1092 768 beec
1102 722 1186 768 inter-

355 790 467 851 ceperit,
499 789 561 836 turti
584 791 693 835 tenetur.
728 790 875 835 0ctarenne
885 789 913 835 in
925 789 982 835 urie
991 788 1094 835 ediicit:
1122 789 1186 850 lt't'ei,

355 856 453 915 inquit,
464 858 599 902 interrant
609 868 674 902 erue
683 858 840 915 proiecertt,
851 863 880 903 et
890 857 1093 918 effunderentur.
1112 857 1136 914 5.
1144 860 1184 902 26.

354 925 423 969 idem
434 926 460 969 et
472 924 499 967 in
509 922 576 969 eitra
586 922 682 971 eeedoe
692 923 796 970 acribit:
816 926 861 983 ιιι,
880 923 903 969 ei
914 923 1089 982 immeturern,
1108 922 1187 979 ,lqui-

354 991 391 1036 lia
411 993 546 1048 teneatur,
568 990 634 1046 quod
652 990 810 1036 rimaturum
821 989 1006 1052 interceperit,
1025 988 1088 1035 torti
1102 988 1186 1036 teucri

355 1070 427 1118 euru,
438 1060 465 1104 et
475 1060 595 1104 erbetum
606 1057 695 1103 turtim
706 1068 845 1103 cretarum.
871 1058 896 1116 5.
910 1059 952 1103 rt.
964 1058 993 1104 Si
1004 1056 1122 1103 relictum
1133 1069 1187 1102 rue-

355 1130 441 1170 turum
450 1124 502 1185 ite,
523 1138 557 1172 ne
568 1124 663 1183 rtirpce
672 1123 803 1182 laederer,
815 1122 922 1185 tulerit,
934 1136 1037 1171 certare
1048 1123 1185 1182 Aquiiiem.

354 1192 377 1249 5.
390 1194 431 1237 28.
443 1191 477 1236 Et
487 1193 509 1237 ei
521 1203 626 1250 puerum
638 1190 695 1249 quir
707 1189 873 1249 munierit,
894 1192 921 1237 et
930 1189 1109 1248 pretiosiorem
1119 1191 1187 1236 tece-

355 1258 409 1317 rit,
432 1257 558 1305 t'trienur
569 1256 672 1317 ecribit,
693 1269 795 1303 merere
805 1255 949 1315 Aquiliam
978 1259 1023 1304 red
1032 1256 1187 1304 iniurinrutn
1200 1276 1204 1281 ¹

354 1325 405 1370 erit
416 1326 557 1385 egendum,
568 1327 613 1369 eut
625 1335 658 1369 ex
671 1324 755 1371 edicto
766 1324 908 1384 Aedilium,
917 1326 962 1369 aut
971 1325 998 1370 in
1009 1324 1186 1383 qnedrnplunr.

355 1394 378 1449 5.
392 1394 433 1436 29.
454 1391 483 1437 si
501 1392 607 1438 euticem
623 1390 762 1437 diatretum
774 1390 918 1438 iaciendum
927 1391 1034 1451 dedisti,
1053 1390 1076 1436 ei
1087 1391 1186 1450 quidem

356 1458 486 1515 imperitie
495 1457 588 1518 tregit,
609 1457 693 1504 demut
705 1457 803 1504 iniuriu
813 1458 959 1516 tenebitur,
969 1458 991 1504 ei
1003 1470 1065 1505 tero
1076 1472 1130 1506 ιιοιι
1139 1455 1186 1503 iur-

355 1522 451 1583 pcritie
463 1524 555 1585 tregit,
577 1524 621 1570 aed
631 1523 709 1571 rimu
720 1525 828 1572 bebebat
839 1525 956 1585 vitioeee,
975 1528 1060 1583 potert
1073 1538 1129 1572 eree
1140 1536 1187 1570 ex-

356 1594 468 1638 eurntnr.
503 1591 537 1637 Et
556 1591 615 1637 ideo
635 1590 784 1649 plerumque
803 1593 914 1640 artitloea
933 1591 1077 1647 convenire
1092 1591 1187 1650 eoleut,

357 1671 413 1704 eum
422 1657 547 1705 einrmodi
558 1657 681 1706 meteriee
691 1658 857 1719 dentur,non
868 1658 984 1718 periculo
995 1671 1042 1705 ruo
1053 1671 1081 1706 ee
1093 1660 1186 1705 iecere.

357 1724 429 1775 uuae
438 1739 480 1772 ree
491 1738 523 1772 er
536 1723 621 1770 locato
634 1725 704 1771 tollit
715 1725 852 1787 ectionem,
872 1728 898 1773 et
908 1726 1035 1783 Aquiliee.
1061 1727 1084 1787 5.
1097 1728 1138 1772 311.
1150 1723 1187 1783 Si,

356 1804 436 1847 «tuum
454 1792 562 1839 meritur
581 1791 659 1838 uxori
680 1794 834 1852 margaritre
851 1793 993 1840 extriceter
1021 1792 1135 1840 dedireet
1160 1791 1188 1838 in

358 1871 447 1919 urum,
470 1873 502 1905 ee
520 1859 604 1905 inrito
624 1857 666 1905 vel
682 1858 765 1908 inscio
776 1860 833 1907 tiro
844 1861 1015 1922 perforaret,
1035 1863 1065 1906 ut
1075 1858 1188 1918 perturie

357 1925 384 1970 in
394 1925 466 1972 lineo
476 1930 608 1986 uteretur,
620 1926 703 1972 teneri
714 1941 770 1973 eene
781 1926 839 1987 leqe
848 1927 966 1990 Aquilia,
976 1928 1034 1975 rire
1042 1926 1188 1987 diverterit,

356 1993 414 2039 rive
424 1997 505 2052 nupta
516 1996 553 2040 ert
563 1993 653 2039 adbuc.
672 1994 696 2052 5.
708 1995 749 2040 dl.
761 1994 790 2042 Si
799 1994 856 2051 quie
865 1994 976 2042 eediticii
986 1994 1035 2041 mei
1046 1995 1115 2041 turer
1126 2006 1189 2042 corr·

357 2058 477 2122 fregerit,
495 2064 541 2105 eut
551 2059 574 2105 ai
586 2058 669 2118 iprum
679 2059 824 2108 reditioiunr
834 2060 945 2108 diruerit
953 2094 960 2120 ,
969 2061 1027 2120 lege
1035 2060 1141 2118 Aquilia
1150 2056 1198 2107 te-'

358 2131 444 2173 uetur.
481 2128 504 2185 5.
517 2128 559 2174 tt.
580 2127 609 2174 Si
628 2126 686 2186 quir
697 2128 880 2184 aquaeductum
889 2141 971 2175 meum
981 2127 1100 2189 diruerit,
1126 2127 1189 2176 lieet

255 2198 264 2215 ⁸
357 2198 490 2241 enemente
499 2206 556 2240 mea
566 2197 642 2254 runt,
660 2206 726 2253 qnae
742 2194 828 2242 diruta
838 2198 899 2241 eunt
904 2225 914 2251 ,
934 2200 1018 2241 tamen
1039 2194 1099 2251 quia
1121 2197 1189 2241 terre

357 2273 414 2306 mee
423 2274 477 2308 nun
488 2260 532 2319 rit,
546 2274 597 2320 que
606 2273 696 2317 aqum
707 2261 787 2323 duco,
797 2261 890 2309 meliue
899 2265 939 2309 eet
950 2261 1050 2322 dicere,
1060 2260 1188 2308 reticerem

356 2326 447 2375 utilene
467 2327 584 2374 dandam.
619 2328 641 2385 5.
654 2328 695 2372 33.
717 2327 744 2373 Si
757 2341 789 2376 ex
800 2328 918 2387 plenetro
928 2327 995 2387 lepie
1006 2327 1143 2391 ceciderit,
1162 2330 1188 2375 et

356 2393 417 2450 quid
437 2393 538 2454 ruperit
556 2392 599 2440 rel
612 2392 732 2454 uerterit,
752 2395 872 2452 Aquiliae
892 2397 995 2443 wtiooe
1006 2395 1189 2455 pteuetreriunt

356 2461 441 2508 teneri
465 2462 559 2521 placet,
579 2459 601 2505 ei
621 2459 996 2526 melecompoeneritlepidee,
1015 2463 1112 2511 etideo
1122 2460 1189 2522 lepri

356 2528 418 2573 rint.
452 2529 476 2587 5.
489 2528 530 2574 et.
550 2526 580 2574 si
592 2524 649 2585 quie
666 2539 769 2575 terrum
784 2529 938 2579 conducturi
946 2529 1188 2578 babenradmulum

355 2595 497 2653 regendum
518 2594 735 2642 commendererit
750 2595 775 2643 ei
793 2595 905 2658 mulum,
925 2596 1007 2645 etille
1026 2596 1188 2657 adpellieenr

264 2704 267 2711 .
356 2674 431 2707 uuum
450 2675 509 2708 cunr
527 2660 759 2725 elligereritluro,
779 2666 806 2709 et
821 2665 906 2711 mulne
915 2665 1030 2723 eruperit
1040 2665 1094 2728 eie,
1115 2668 1145 2711 nt
1164 2665 1190 2711 et

330 2774 342 2783 ,
356 2727 477 2787 pollicere
486 2726 612 2776 evelleret
620 2741 709 2789 nerto,
729 2733 755 2776 et
764 2742 793 2777 ee
804 2730 999 2791 praecipitent,
1008 2732 1079 2779 ltlele
1089 2730 1188 2789 acribit,

356 2796 378 2842 ei
390 2809 437 2853 pru
448 2795 532 2855 perito
542 2795 679 2854 impetitur
689 2795 790 2844 locetur
800 2797 850 2859 eit,
878 2810 912 2846 ex
923 2799 1051 2846 conducto
1062 2798 1188 2859 egendum

356 2876 413 2910 eum
423 2861 528 2909 domino
538 2861 571 2909 ob
582 2863 679 2911 reulum
686 2867 791 2923 nuptum
801 2864 843 2912 rel
853 2864 1030 2925 debilitetnm;
1043 2866 1089 2913 red
1101 2866 1124 2914 ei
1135 2865 1188 2913 ictu

356 2932 401 2974 cut
414 2931 517 2977 terrore
527 2929 611 2975 mutue
622 2925 740 2977 turbetur
750 2930 800 2991 eit,
820 2936 874 2978 tune
885 2932 1016 2982 dominum
1026 2932 1092 2997 elue,
1112 2932 1139 2979 id
1148 2937 1188 2979 eet

355 2994 420 3042 moli
441 2998 487 3042 ent
506 2996 587 3059 eervi,
622 3007 678 3043 curu
689 3010 736 3060 eo,
756 2996 800 3056 qui
817 2998 945 3062 turbarit,
964 2998 1112 3048 bebitnrum
1123 2999 1189 3058 legia

355 3061 475 3120 Aquiliee
495 3062 633 3111 actionem.
667 3064 732 3113 biibi
752 3068 838 3113 eutem
854 3065 1033 3114 tidetnreteo
1045 3080 1119 3129 earo,
1138 3079 1189 3124 quo

356 3142 388 3176 ιι
400 3128 486 3176 locato
497 3129 565 3178 ectio
576 3137 628 3193 ert,
640 3133 786 3193 competere
798 3133 875 3180 etiem
886 3134 1014 3192 Aquiliee.
1041 3135 1188 3194 5tt.1tern

355 3197 377 3242 ei
390 3195 484 3244 tectori
496 3196 624 3246 locoverir
637 3199 721 3246 lecum
732 3200 794 3257 tino
805 3200 909 3260 plenum
926 3200 1080 3263 meretum,
1101 3204 1128 3249 et
1144 3200 1191 3248 ille

356 3276 413 3311 eurn
424 3263 584 3325 pertuderit,
605 3270 634 3313 ut
645 3266 779 3315 rinomeit
790 3268 914 3332 edurum,
934 3267 1020 3318 babeo
1037 3268 1140 3332 rcribit,
1162 3268 1191 3315 in

355 3332 452 3379 tectum
462 3333 598 3389 egendum.

405 3396 525 3445 xxvnt.
545 3400 670 3449 Pnutua
690 3402 756 3449 titre
777 3401 810 3450 X.
827 3403 865 3452 ed
873 3402 1004 3450 Selium
1040 3400 1090 3457 tin
1102 3403 1191 3451 loreer

358 3476 477 3510 errorum
497 3479 680 3527 cervorumque
698 3469 880 3528 capiendorum
900 3483 976 3519 mure
996 3469 1110 3531 iaciunt,
1129 3471 1190 3518 aiin

358 3529 497 3576 itineribne
506 3532 631 3593 iecerint,
642 3548 725 3596 eoquo
734 3534 832 3593 aliquid
843 3536 981 3599 deelderit,
991 3538 1136 3597 tectumque
1146 3538 1191 3586 de-

357 3597 441 3643 teriue
461 3596 512 3659 rit,
533 3597 592 3658 lege
602 3601 707 3658 Aquilia
716 3601 826 3663 obligati
841 3606 914 3662 eunt,
936 3603 1035 3651 etriiu
1045 3603 1106 3650 aliia
1116 3605 1190 3666 lucia,

357 3663 400 3709 ubi
410 3662 468 3710 tierl
479 3664 582 3728 rolent,
603 3667 735 3727 iecerunt,
756 3669 823 3717 nibil
833 3671 964 3719 tenentur.
1000 3672 1023 3731 5.
1038 3672 1060 3716 1.
1071 3671 1141 3719 llaec
1151 3676 1190 3719 te-

356 3743 416 3777 men
425 3729 495 3777 ectio
505 3744 538 3779 ex
551 3745 628 3780 cauea
637 3735 721 3782 denda
729 3739 769 3783 eat
778 3770 787 3799 ,
797 3736 824 3783 id
834 3740 873 3784 ert
883 3737 906 3783 ei
916 3749 999 3798 neque
1009 3738 1189 3785 denuntiatum

357 3801 411 3857 eet,
432 3811 515 3856 neque
525 3798 615 3846 reierit
624 3805 669 3848 eut
678 3803 814 3862 procidere
824 3803 948 3863 potuerit.
967 3805 1002 3851 lit
1012 3804 1093 3851 multa
1101 3805 1191 3852 bniue-

356 3863 425 3910 modi
438 3864 676 3930 deprehenduntnr,
687 3869 779 3928 quibur
789 3876 965 3920 eumncvetur
974 3871 1081 3935 petitor,
1098 3871 1120 3917 ei
1134 3873 1190 3920 eri-

315 3968 323 3983 ,
357 3936 413 3977 tere
423 3930 567 3989 perieulum
578 3935 712 3992 potuerit,

406 3996 502 4044 xxix,
526 3996 765 4059 Utpteeuete’dro
779 4003 883 4052 xt'rrr.
894 4005 1068 4053 ndEdieteer.
1095 4004 1190 4060 Quera-

357 4058 493 4111 admodum
509 4065 532 4112 ei
552 4065 659 4126 laqueoe
677 4081 710 4116 eo
729 4068 779 4118 loci
793 4072 942 4134 poenieree,
962 4085 1014 4130 quo
1024 4073 1065 4119 ine
1075 4072 1188 4132 ponendi

357 4143 411 4177 rrnn
421 4131 537 4193 haberer,
546 4138 573 4180 et
584 4148 660 4193 pecua
672 4135 753 4183 ricini
763 4136 791 4183 in
802 4151 846 4185 eoe
857 4139 963 4199 laqueo·
973 4140 1116 4188 incidireet.
1136 4142 1187 4202 5.l.

356 4198 384 4243 Sl
394 4202 537 4256 protectum
549 4214 642 4266 meum,
652 4204 718 4262 quod
729 4216 807 4263 eupre
815 4206 915 4254 domum
925 4211 993 4254 tuem
1000 4208 1074 4256 nollo
1081 4208 1138 4256 iure
1145 4208 1190 4255 ba·

357 4265 460 4323 bebere,
479 4268 632 4329 recidieeer,
653 4282 730 4329 poree
745 4284 785 4318 rue
804 4273 886 4321 tecum
897 4273 983 4322 deceni
995 4274 1189 4336 iniuriaeque,

356 4331 482 4378 l'roculue
494 4335 597 4395 scribit,
614 4337 732 4385 debuine
742 4337 810 4387 eninr
822 4353 932 4401 coecum,
944 4343 984 4388 ina
996 4342 1058 4389 mibi
1069 4355 1121 4388 nou
1133 4354 1190 4389 eree

358 4401 502 4457 protectum
513 4401 620 4464 bnbere,
641 4415 731 4465 egere,
751 4418 799 4453 nec
809 4418 995 4468 eeeeeequuru,
1013 4409 1133 4455 damnum
1149 4421 1190 4455 roe

357 4464 411 4522 peti
422 4465 512 4513 rceirie
523 4481 538 4514 e
548 4472 573 4515 te
584 4468 647 4515 meir
658 4470 745 4530 tiquie.
770 4471 847 4520 Aliud
858 4479 896 4520 eet
907 4474 1042 4521 dicendum
1053 4489 1085 4523 ex
1095 4474 1190 4522 rescri-

357 4534 402 4588 pto
414 4533 583 4591 lmpemtorir
594 4536 698 4598 Seueri,
710 4537 752 4596 qul
763 4537 803 4599 el,
816 4552 863 4597 per
872 4540 944 4587 cuiue
954 4541 1055 4589 doenum
1068 4540 1190 4589 traiectue

357 4599 415 4641 eret
431 4602 605 4654 equeeductue
625 4603 693 4650 eitra
713 4603 877 4668 cerritutem,
900 4608 1046 4669 reeeripeit‚
1066 4609 1124 4654 iure
1142 4620 1189 4653 euo

350 4673 434 4736 ¹perso
452 4676 509 4725 eunt
528 4667 692 4716 intercidere.
728 4668 879 4730 Ειιιιιιιιο,
899 4672 1101 4734 intenderint,
1122 4674 1190 4731 quod

359 4723 400 4801 bic
411 4726 438 4770 in
450 4740 497 4774 ruo
509 4735 639 4796 protexit,
659 4735 706 4781 ille
715 4735 743 4782 in
754 4734 841 4784 elleno
852 4738 921 4784 lecit.
949 4741 971 4797 5.
986 4744 1010 4786 2.
1022 4740 1049 4787 Si
1061 4740 1135 4787 nerle
1146 4744 1190 4786 tue

360 4798 470 4846 mteete
480 4793 507 4839 in
518 4811 599 4845 metm
606 4802 725 4860 eeapbem
742 4801 859 4849 dennnru
870 4803 931 4850 mibi
943 4805 1026 4866 dedit,
1047 4808 1189 4864 qneeeitrur

361 4858 415 4913 eet,
436 4871 500 4915 quee
519 4863 587 4910 ectio
602 4866 665 4915 milri
682 4870 857 4927 competerett
875 4869 1107 4922 liteitl’roeulua:
1128 4874 1150 4920 ei
1162 4875 1189 4921 in

360 4924 488 4977 potestate
508 4934 644 4978 uentorum
663 4932 757 4991 tuerit,
777 4948 810 4982 ne
821 4934 847 4982 id
858 4936 997 4999 accideret,
1018 4943 1044 4986 et
1056 4941 1132 5000 culpe
1143 4955 1189 4987 eo-

361 5000 417 5032 rum
427 4990 526 5066 ,tectum
537 4996 585 5057 eit,
606 4998 664 5055 lege
674 5000 778 5056 Aquilie
793 5014 850 5049 corn
867 5003 954 5049 neutie
969 5007 1107 5070 egendum,
1130 5009 1190 5066 quie

361 5065 434 5112 perrr
444 5056 566 5121 referret,
586 5074 675 5109 nerem
687 5064 861 5129 inmittendo,
873 5073 918 5115 eut
929 5073 1089 5121 eerreeulum
1100 5075 1131 5123 ed
1141 5088 1188 5121 rre-

361 5133 416 5167 rem
427 5120 557 5202 ducendo,
567 5137 608 5173 ἰιι
619 5132 665 5174 ιιι
673 5144 750 5178 menn
761 5135 880 5181 damnum
892 5137 1007 5201 dederir,
1028 5141 1089 5201 quie
1104 5143 1190 5188 omni-

362 5189 408 5233 bne
419 5186 459 5232 bre
470 5189 552 5235 reodre
564 5204 609 5249 per
620 5193 748 5244 lederano
759 5200 864 5247 etlcior.
883 5203 935 5249 Sed
945 5204 966 5249 ri
977 5206 1039 5254 tune
1048 5211 1190 5267 rupto,eut

360 5253 1189 5331 quurnenuiluregereturmurieincurrieeet,eunrdomiuoegen-

361 5321 420 5368 dum
430 5333 483 5367 non
495 5326 559 5368 erte.
595 5325 618 5385 5.
632 5323 656 5368 d.
669 5323 730 5373 ltere
740 5329 825 5375 Labeo
835 5332 939 5380 rcribit:
959 5336 992 5397 ri,
1002 5350 1081 5394 quere
1091 5339 1117 5383 rt
1127 5324 1189 5385 ren*-

360 5393 446 5434 torum
466 5388 540 5434 neria
560 5387 671 5447 impulee
688 5397 756 5439 ceeet
776 5393 804 5438 in
825 5396 899 5443 innee
910 5412 1063 5449 encornrrtr
1072 5401 1189 5467 alteriue,

360 5458 456 5503 ueutm
466 5455 541 5501 tuneo
550 5453 748 5517 praecinerent,
768 5458 790 5503 ι1
802 5461 875 5509 nulle
884 5460 938 5509 ello
949 5465 1038 5525 ruodo,
1050 5464 1104 5511 niet
1117 5480 1190 5525 pree.

361 5522 421 5568 ciale
441 5521 560 5581 tunibue,
581 5519 711 5579 explicere
730 5534 758 5569 ee
776 5527 934 5585 potnieeent,
954 5530 1051 5577 collem
1061 5532 1189 5585 eetionem

362 5588 477 5637 quadem.
499 5589 616 5646 luemque
623 5586 706 5632 butico
713 5593 738 5633 et
749 5588 873 5637 Procuinr
885 5595 911 5637 et
922 5594 990 5640 circe
1001 5596 1067 5642 retie
1078 5597 1191 5656 placeto.

362 5668 419 5703 rnre
425 5686 435 5714 ,
454 5656 481 5703 in
491 5668 556 5713 quae
566 5653 641 5703 narie
651 5651 794 5717 incideret,
814 5657 992 5706 eeettureruut.
1011 5661 1091 5712 l’leue
1102 5664 1124 5712 ei
1135 5668 1190 5714 cul-

800 315 892 367 DlG.
928 313 981 366 tx.
1016 315 1041 365 2
1077 311 1136 365 ΑΙ)
1172 309 1341 376 LEGEM
1377 307 1633 372 ‚leutherii

1238 462 1271 510 pe
1283 454 1419 496 nautarum
1428 447 1456 495 id
1467 446 1563 494 tectum
1572 449 1654 506 creet,
1669 447 1730 507 lege
1740 448 1844 508 Aquilio
1853 452 1988 511 ιςιιιιιιιιιι.
2020 453 2067 500 bed

1238 516 1283 563 ubi
1293 516 1379 562 donni
1392 514 1599 576 iniurieogitur,
1620 514 1653 560 ob
1662 516 1744 578 retia,
1760 528 1814 564 non
1826 517 1931 576 piretum
1939 552 1946 580 ,
1955 519 2000 577 qui
2012 519 2070 567 ideo

1239 584 1307 642 cepti
1319 597 1374 629 non
1384 591 1457 642 eunt,
1476 580 1534 629 tleri
1544 580 1765 644 eettiuretionera,
1785 597 1862 642 quun
1877 585 2004 633 incertum
2015 588 2070 633 lue-

1238 651 1275 697 rit
1287 686 1294 711 ,
1314 663 1348 696 en
1359 652 1523 708 caperentur.
1559 648 1680 706 idemque
1694 653 1720 696 et
1731 649 1759 696 in
1771 654 1939 701 cenatorium
1948 658 1975 700 et
1987 654 2014 698 in
2025 666 2070 699 an-

1239 718 1347 777 cupibue
1366 715 1534 775 probandum.
1565 716 1588 774 5.
1601 717 1626 760 t.
1643 714 1757 763 Sinoria
1766 718 1874 767 eiterern
1886 725 1978 769 contre
1989 732 2017 767 ee
2028 732 2070 766 re·

1238 784 1353 831 nicetem
1363 783 1506 843 obruieeet,
1526 785 1572 829 eut
1582 781 1611 827 in
1621 782 1832 845 gubernatorem,
1847 790 1892 833 eut
1902 787 1930 833 in
1941 787 2071 834 ductorem

1240 852 1368 899 actionem
1379 854 1524 909 competere
1534 847 1619 895 damni
1629 848 1760 913 iniuriae,
1776 853 1885 900 Alleune
1894 854 1941 901 eit.
1986 853 2038 901 lted
2050 855 2071 901 ri

1238 923 1311 964 lente
1323 916 1361 963 tir
1371 916 1432 962 ueri
1445 913 1574 977 lactarit,
1586 927 1649 973 quae
1660 919 1798 975 tempereri
1809 933 1862 966 non
1873 920 2003 983 potuerit,
2013 921 2072 968 uul-

1238 984 1290 1031 lem
1301 985 1329 1029 in
1340 983 1473 1029 domiuum
1483 980 1592 1029 dendem
1601 982 1747 1043 notionem,
1766 984 1808 1032 eiu
1817 992 1904 1035 euteru
1922 988 1999 1047 colpe
2008 1000 2072 1035 m.

1239 1055 1323 1097 terum
1333 1050 1359 1097 id
1370 1050 1465 1096 tectum
1475 1051 1525 1111 eit,
1536 1051 1600 1107 poto
1612 1049 1733 1108 Aquiliae
1751 1055 1875 1100 eudlcere.
1911 1056 1933 1115 5.
1947 1058 1971 1101 b.
1990 1054 2022 1103 ssl
2032 1055 2073 1100 tr-

1239 1132 1298 1164 nem
1306 1117 1376 1177 quir,
1397 1130 1447 1175 quo
1458 1116 1571 1174 religate
1580 1116 1655 1161 nat'ir
1666 1122 1740 1179 eret,
1760 1120 1918 1178 praeciderit
1928 1154 1937 1185 ,
1957 1121 1989 1168 de
1999 1133 2073 1181 nare,

1239 1197 1304 1243 quee
1316 1182 1411 1244 periit,
1422 1183 1450 1229 in
1461 1184 1557 1229 tectum
1566 1183 1693 1241 agendum
1703 1184 1750 1231 bac
1759 1186 1871 1235 ectioue.
1900 1188 1922 1247 5
1937 1191 1961 1235 b.
1972 1188 2015 1236 Ex
2026 1187 2074 1235 boc

1239 1251 1304 1310 legir
1322 1249 1407 1308 cupite
1426 1251 1457 1297 de
1477 1249 1596 1296 omnibue
1607 1250 1763 1298 enimelibue
1772 1253 1864 1315 laerte,
1886 1266 1952 1312 quee
1963 1255 2074 1313 pecudea

1239 1332 1294 1365 uon
1305 1321 1381 1378 eunt,
1400 1315 1528 1375 egendum
1538 1320 1593 1379 eet,
1614 1321 1707 1375 utpute
1716 1318 1748 1365 de
1758 1333 1830 1368 ceue.
1862 1321 1950 1368 Sedet
1961 1322 1992 1369 de
2003 1334 2073 1381 apro,

1240 1390 1266 1433 et
1277 1385 1368 1445 leone,
1387 1384 1532 1440 ceterieque
1552 1383 1615 1431 teria
1635 1388 1661 1430 et
1681 1386 1772 1432 eribnr
1788 1386 1855 1434 idern
1866 1388 1918 1434 erit
1928 1388 2070 1437 dicendum

1239 1456 1263 1512 5.
1274 1455 1299 1497 ’1.
1311 1449 1480 1509 Mugirtretue
1490 1449 1669 1513 municipelee,
1678 1451 1700 1498 ei
1712 1452 1829 1501 damnum
1841 1453 2071 1517 iniuriedederint,

1239 1522 1348 1578 puerunt
1367 1515 1471 1573 Aquilia
1491 1517 1586 1563 teucri.
1621 1519 1687 1565 Nem
1701 1523 1728 1565 et
1744 1533 1800 1568 eure
1810 1521 2026 1580 pecudereliquie
2037 1525 2071 1582 pi·

1238 1584 1316 1645 gnori
1327 1583 1453 1645 repleret,
1473 1587 1499 1631 ct
1510 1584 1576 1631 ieme
1586 1597 1629 1633 cer
1639 1592 1774 1647 necarret,
1794 1588 1852 1635 dum
1863 1602 1916 1636 non
1926 1589 2027 1648 petitur
2038 1591 2072 1637 eie

1240 1652 1337 1699 riberie
1347 1649 1450 1713 utterri,
1470 1651 1499 1698 in
1510 1651 1606 1699 tectum
1617 1654 1688 1700 ectio
1704 1653 1788 1701 danda
1798 1658 1846 1702 eet.
1881 1658 1944 1703 ttem
1955 1656 1996 1719 ri,
2016 1657 2072 1704 dua

1239 1723 1311 1779 putet
1321 1732 1349 1765 ee
1360 1717 1461 1777 exlege
1471 1730 1561 1776 capere
1571 1717 1679 1783 pignue,
1700 1733 1754 1767 uon
1764 1735 1798 1769 er
1807 1721 1866 1782 lege
1877 1722 1985 1785 ceperit,
1995 1728 2023 1772 et
2033 1737 2073 1772 rer

1240 1787 1315 1833 tritee
1325 1788 1510 1844 corruptaeque
1520 1784 1620 1847 reddet,
1636 1786 1746 1850 dicitur,
1756 1787 1842 1849 legem
1850 1790 1980 1847 Aquiliana
1989 1791 2072 1839 locuta

1239 1852 1347 1911 bebere,
1367 1850 1436 1909 quod
1452 1850 1588 1899 dicendum
1605 1857 1659 1914 ert,
1679 1854 1782 1902 etrier
1793 1855 1852 1915 lege
1861 1857 1956 1916 pignere
1966 1858 2070 1917 ceperit.

1240 1920 1269 1967 Si
1279 1918 1341 1977 quid
1352 1922 1437 1965 tamen
1447 1918 1612 1977 meqirtretua
1622 1920 1746 1968 advereue
1756 1922 1920 1971 retietentem
1932 1924 2071 1971 violentine

1242 1987 1348 2048 iecerit,
1369 1998 1424 2032 non
1442 1985 1574 2033 tenebitur
1590 1987 1708 2046 Aquiliup
1730 2001 1790 2035 nent
1800 1992 1826 2035 et
1837 2004 1893 2038 eunt
1903 1990 2009 2050 pignori
2021 2004 2072 2038 rer·

1240 2066 1300 2100 ιίιιιι
1320 2053 1443 2115 cepieeet,
1463 2055 1489 2099 et
1508 2050 1554 2099 ille
1574 2065 1602 2099 ac
1623 2055 1800 2119 euependerit,
1820 2057 1893 2105 nulle
1905 2057 1981 2105 datur
1997 2058 2070 2106 actio.

1239 2121 1263 2185 5.
1274 2124 1299 2166 8.
1311 2120 1381 2167 Hecu
1392 2118 1482 2167 verbe:
1503 2121 1598 2180 quarti
1607 2120 1633 2166 in
1645 2123 1758 2183 tresgr’rta
1775 2124 1861 2175 diebu
1871 2125 2073 2190 promserit,

1240 2187 1291 2235 etei
1302 2200 1355 2233 nou
1365 2186 1460 2233 hebent
1468 2186 1585 2245 pturtnt,
1592 2184 1630 2235 ric
1639 2191 1724 2235 tumen
1735 2202 1792 2237 eree
1802 2192 1952 2251 recipienda
1962 2197 2071 2240 corretet.

1289 2252 1371 2300 XXX.
1393 2252 1519 2301 Petitur
1538 2252 1604 2300 libro
1616 2252 1892 2305 XX11.ndEdietrue.
1916 2260 1969 2312 tini
1981 2260 2073 2306 occidit

1240 2321 1384 2369 adulterum
1395 2319 1580 2378 deprebenruru
1591 2333 1692 2369 aerruru
1702 2324 1824 2387 alienum,
1847 2325 1894 2372 bae
1904 2326 1964 2386 tege
1972 2340 2027 2372 non
2037 2333 2071 2372 te-

1239 2388 1352 2434 nebitur.
1382 2388 1406 2448 5.
1419 2388 1441 2432 l.
1452 2384 1560 2445 l'iqnori
1571 2387 1645 2435 detur
1655 2403 1745 2437 rerrnr
1756 2391 1779 2436 ei
1790 2391 1890 2439 occieua
1900 2393 1950 2453 rit,
1961 2394 2072 2441 debitori

1240 2455 1307 2502 ectio
1317 2452 1447 2513 competit.
1481 2453 1532 2500 Sed
1543 2467 1577 2501 eu
1587 2458 1613 2502 ct
1624 2457 1750 2505 creditori
1759 2458 1843 2505 denda
1852 2460 1887 2507 ait
1896 2461 1990 2507 utiliu
2016 2460 2072 2521 quie

1239 2526 1325 2583 potert
1336 2520 1463 2568 intereeee
1476 2520 1547 2591 cipe,
1568 2523 1637 2580 quod
1647 2520 1749 2571 debitor
1759 2525 1885 2575 eolrerdo
1895 2541 1950 2579 nun
1963 2527 2016 2588 rit,
2031 2534 2074 2574 aut

1240 2589 1308 2648 quod
1318 2588 1391 2636 litent
1402 2592 1518 2646 tempore
1528 2588 1643 2637 bmirerit
1649 2623 1657 2653 ,
1678 2592 1819 2651 quaeritur.
1842 2594 1894 2641 Sed
1904 2596 1946 2642 bic
1957 2595 2072 2651 iniquum

1241 2659 1296 2719 ert,
1317 2660 1344 2703 et
1355 2655 1475 2717 domino,
1495 2658 1521 2702 et
1533 2656 1656 2704 creditori
1668 2672 1726 2707 euru
1737 2661 1835 2723 teneri,
1857 2661 1910 2707 nial
1920 2662 1942 2709 ei
1960 2662 2021 2719 quie
2031 2676 2071 2721 pu-

1240 2724 1336 2771 taverit
1346 2723 1445 2771 nullam
1454 2722 1482 2768 ln
1492 2735 1523 2770 ee
1534 2737 1563 2769 re
1570 2722 1840 2774 debitoreminiuriune
1846 2741 1993 2791 μιιιιιιιιιι,
2000 2743 2073 2787 quere

1240 2792 1324 2853 prorit
1337 2790 1361 2837 ei
1372 2791 1404 2839 ed
1415 2789 1495 2838 debiti
1506 2792 1686 2854 quentitetem,
1703 2797 1729 2839 et
1740 2795 1809 2854 quod
1819 2795 1853 2841 rit
1863 2796 1977 2854 erepline
1986 2809 2072 2844 ceree·

1241 2863 1349 2908 cuturue
1369 2857 1405 2904 eit
1424 2858 1456 2905 ab
1475 2870 1521 2919 eo,
1544 2857 1584 2905 rel
1599 2859 1631 2905 ob
1641 2859 1719 2907 initio
1731 2862 1759 2907 iu
1770 2861 1811 2923 id,
1833 2863 1900 2920 quod
1911 2863 2072 2923 empliueett,

1242 2940 1315 2986 quem
1325 2926 1353 2973 iu
1364 2924 1465 2988 debito,
1476 2924 1588 2973 debitori
1599 2926 1706 2973 tiendum
1717 2928 1853 2975 ectioneur.
1881 2930 1917 2977 Et
1927 2930 1989 2979 ideo
2001 2929 2027 2976 in
2037 2931 2074 2977 bie

1242 2995 1359 3057 ceribur,
1379 2992 1406 3039 in
1428 2991 1519 3050 quibue
1538 2993 1661 3041 creditori
1681 2995 1765 3042 drudo
1780 3001 1818 3043 ert
1837 2997 1906 3044 ectio
1918 3002 2026 3057 propter
2036 2998 2073 3043 ir·

1242 3061 1327 3121 opium
1346 3058 1485 3121 debiturir,
1507 3059 1550 3107 rel
1567 3061 1635 3172 &uod
1646 3061 1718 3108 litere
1729 3063 1829 3124 emisit,
1849 3064 1967 3115 creditor
1977 3065 2074 3123 quiden

1243 3141 1322 3186 neque
1337 3127 1368 3174 ad
1380 3127 1481 3175 modum
1491 3125 1569 3191 debiti
1596 3128 1681 3176 ebebit
1691 3130 1811 3189 Aquiliae
1821 3132 1968 3194 reducem,
1980 3138 2008 3178 ut
2018 3145 2073 3191 pre·

1242 3195 1276 3242 eit
1298 3195 1345 3243 boe
1355 3193 1481 3255 debitori,
1499 3192 1549 3254 ipei
1560 3200 1645 3244 autem
1656 3195 1771 3244 debitori
1782 3198 1809 3244 in
1820 3198 1863 3260 ld,
1883 3199 1955 3258 quod
1964 3200 2073 3247 debiturn

1242 3261 1360 3325 cecedit,
1381 3265 1510 3322 competet
1523 3260 1641 3320 Aquillee
1651 3263 1730 3312 ectio.
1766 3266 1825 3325 52.
1843 3265 1872 3312 si
1887 3265 1946 3323 quie
1964 3267 2075 3315 ellenon

1244 3329 1330 3376 einum
1340 3328 1383 3377 rel
1393 3330 1551 3377 trumentum
1560 3332 1746 3395 eonrnmeerit,
1767 3346 1820 3379 nun
1839 3333 1943 3380 videtur
1958 3333 2074 3381 damon

1242 3396 1340 3445 iniuria
1350 3396 1427 3460 dere,
1448 3396 1556 3454 ideoque
1567 3396 1641 3445 utilir
1651 3398 1735 3446 daude
1746 3405 1785 3446 ert
1796 3399 1874 3447 actio.
1909 3401 1934 3460 5.
1948 3403 1975 3448 b.
1992 3402 2023 3447 ln
2032 3401 2075 3448 bac
2154 3394 2155 3447 ξ

1242 3477 1343 3522 quoque
1353 3464 1466 3527 eotlone,
1486 3476 1551 3525 quoe
1562 3477 1594 3510 er
1608 3464 1655 3510 boc
1665 3466 1781 3524 capitulo
1792 3466 1885 3525 oritur,
1899 3467 1978 3513 dolue
1987 3472 2013 3515 et
2023 3469 2076 3514 ecl-

1239 3545 1276 3591 ¹pe
1285 3533 1403 3591 punitur.
1438 3531 1550 3588 ideoque
1567 3530 1590 3577 ei
1601 3530 1658 3589 quie
1671 3531 1698 3579 in
1708 3533 1829 3593 etipulern
1841 3546 1913 3579 ruent
1925 3534 1969 3582 rel
1980 3536 2075 3594 epinare

1243 3598 1430 3646 comburendae
1439 3597 1495 3645 ciue
1507 3610 1584 3645 crure
1594 3597 1679 3656 ignem
1690 3599 1840 3660 beminerit,
1856 3603 1882 3647 et
1894 3600 2008 3649 ulteriue
2017 3616 2076 3650 ere-

1243 3671 1318 3725 getne
1328 3669 1354 3713 et
1366 3677 1517 3725 progr-tneor
1527 3665 1597 3723 ignit
1607 3663 1717 3713 alienent
1732 3672 1846 3726 repetent
1857 3667 1898 3714 tel
1910 3669 2014 3717 vincera
2022 3671 2074 3716 lae·

1242 3733 1320 3795 uerit,
1340 3732 1514 3793 requirentur,
1536 3745 1597 3777 num
1609 3730 1741 3791 imperitie
1751 3734 1807 3783 ciue
1817 3740 1863 3781 abt
1874 3735 2036 3796 negligentia
2051 3732 2077 3781 il

1242 3799 1380 3858 ceciderit,
1391 3811 1450 3844 uere
1460 3798 1483 3843 ei
1495 3798 1537 3846 die
1547 3802 1657 3846 venturo
1668 3800 1693 3845 id
1705 3801 1774 3862 tecit,
1782 3801 1871 3860 eulpae
1882 3815 1945 3849 reue
1955 3809 2002 3851 ex.
2013 3806 2076 3852 itur

1242 3873 1267 3914 et
1279 3868 1321 3927 qui
1332 3866 1494 3913 occariouern
1504 3869 1634 3927 preeetet,
1650 3866 1768 3915 damnum
1783 3868 1877 3917 lecture
1894 3870 2005 3919 ridetur.
2048 3872 2077 3916 ln

1242 3934 1331 3982 eudem
1343 3933 1450 3983 erinriue
1461 3936 1500 3979 ert
1510 3938 1535 3979 et
1545 3933 1587 3990 qut
1599 3946 1652 3978 uon
1663 3935 1826 3996 obcertetit,
1848 3949 1881 3983 ne
1892 3935 1965 3994 ignit
1974 3939 2079 3998 longine

1242 4001 1401 4061 procederet.
1437 4000 1471 4045 At
1481 3999 1504 4046 ei
1515 4002 1614 4060 omnir,
1634 4013 1700 4059 quae
1709 4003 1839 4063 oportuit,
1860 4005 2023 4067 obsecravit,
2036 4004 2077 4050 rel

1241 4068 1327 4115 eubite
1347 4067 1387 4114 cie
1411 4065 1485 4127 renti
1507 4067 1611 4127 lorrpiue
1628 4067 1713 4125 iguem
1732 4070 1870 4128 proderit,
1902 4078 1973 4120 earet
1992 4074 2078 4131 culpe.

1242 4136 1265 4196 5.
1277 4138 1301 4182 t.
1313 4135 1342 4185 si
1354 4134 1506 4183 vulneretur
1517 4135 1597 4183 tuerit
1607 4147 1698 4181 eerrue
1707 4149 1761 4185 nou
1772 4138 1922 4202 mortifere,
1944 4140 2078 4200 negliget·-

1243 4203 1280 4249 tie
1289 4205 1374 4255 eutero
1385 4202 1502 4262 perierit,
1523 4204 1555 4257 de
1565 4201 1701 4251 vulnereto
1712 4203 1780 4250 ectio
1787 4206 1857 4261 erit,
1874 4220 1929 4253 uon
1941 4208 1971 4256 de
1981 4205 2078 4255 occlto·

1293 4268 1389 4317 xxxi.
1410 4269 1500 4316 idem
1519 4271 1585 4319 tura
1610 4269 1643 4317 X.
1664 4271 1701 4317 nd
1720 4270 1855 4321 Suttuen-
1888 4274 1920 4321 ui
1933 4279 2081 4334 putatorex

1242 4338 1333 4385 erbure
1353 4351 1451 4385 rentum
1467 4349 1543 4395 quum
1553 4335 1689 4397 deiiceret,
1712 4339 1939 4389 teleuucbinnriue
1949 4342 2081 4389 beminen

1243 4402 1570 4464 proetereuntemoccidit,
1592 4402 1629 4449 lto
1641 4409 1760 4465 terretur,
1783 4406 1806 4453 ui
1816 4407 1841 4452 ie
1850 4408 1878 4457 iu
1895 4409 2024 4468 publicum
2034 4410 2079 4455 de·

1242 4470 1322 4533 eidot,
1343 4484 1391 4518 nee
1402 4471 1447 4518 ille
1457 4470 1656 4530 proclarnuterit
1663 4505 1674 4535 ,
1690 4477 1718 4516 ut
1730 4484 1803 4520 centu
1814 4474 1870 4520 elue
1879 4477 1976 4525 eelteri
1984 4476 2080 4537 pouit.

1242 4538 1292 4584 Sed
1302 4538 1405 4584 blneiue
1416 4537 1483 4585 dixit
1494 4552 1500 4585 ι
1513 4538 1590 4584 etium
1600 4537 1622 4583 ri
1634 4534 1661 4584 in
1673 4539 1775 4596 privetu
1787 4540 1855 4591 idetu
1861 4544 2009 4607 accidiaeeq
2015 4557 2080 4604 poe-

1241 4616 1269 4649 re
1281 4603 1312 4651 de
1323 4604 1399 4664 culpe
1409 4606 1466 4664 agi,
1488 4605 1588 4663 culpem
1599 4612 1683 4653 eutem
1696 4620 1766 4664 erne,
1789 4609 1873 4671 quud,
1893 4623 1969 4668 quota
1984 4625 1999 4658 e
2015 4611 2081 4657 dili-

1242 4677 1319 4729 geute
1331 4672 1462 4733 provideri
1475 4671 1601 4732 potuerit,
1614 4686 1664 4718 uun
1676 4680 1744 4721 cenet
1756 4675 1902 4737 pruritum,
1913 4682 1958 4724 aut
1968 4681 2021 4725 tuta
2033 4677 2079 4724 de·

1242 4739 1391 4786 nuntiatum
1401 4746 1484 4801 erret,
1495 4752 1573 4800 quum
1583 4739 1726 4797 perieulum
1738 4754 1763 4787 et
1771 4740 1832 4787 iteri
1844 4757 1897 4790 nun
1909 4751 2004 4804 portet.
2030 4746 2083 4789 Se·

1242 4805 1352 4852 cundum
1363 4819 1437 4864 quern
1449 4807 1575 4855 retinuero
1587 4820 1639 4863 non
1650 4807 1757 4855 nultum
1769 4809 1863 4871 relect,
1885 4826 1933 4870 per
1949 4812 2084 4871 publicum
2121 4812 2126 4823 '

1242 4884 1274 4917 au
1284 4886 1329 4931 per
1340 4875 1469 4932 priuatum
1481 4875 1531 4923 iter
1541 4874 1599 4932 fiet,
1620 4887 1695 4931 quum
1707 4873 1854 4932 plerumque
1865 4893 1911 4938 per
1922 4880 2022 4940 private
2040 4879 2084 4925 lo·

1242 4952 1271 4985 ce
1283 4939 1359 4999 vulgo
1371 4941 1422 4989 iter
1432 4942 1483 4991 tat.
1521 4940 1618 4994 Quodsi
1627 4940 1729 4993 ιιιιΙΙιιιιι
1740 4941 1791 4987 iter
1801 4943 1867 5006 erit,
1885 4947 1975 4994 dolere
1983 4946 2083 4991 durru-

1242 5009 1287 5052 rut
1307 5012 1438 5064 precetere
1458 5010 1548 5072 debet,
1569 5021 1603 5054 ue
1622 5008 1745 5054 immittat
1762 5007 1788 5053 in
1800 5023 1875 5073 curri,
1896 5027 1971 5071 quen
1980 5011 2085 5059 uiderit

1241 5077 1432 5135 trementem,
1448 5091 1513 5133 ,nero
1535 5076 1611 5134 culpe
1628 5077 1659 5122 eb
1676 5089 1708 5123 eo
1724 5074 1918 5133 erigeirtnuon
1925 5085 1979 5140 eet,
1996 5090 2085 5137 quun

1241 5141 1360 5189 dirinere
1370 5156 1423 5190 nun
1435 5142 1561 5206 potuerit,
1581 5156 1671 5202 anper
1682 5155 1738 5195 euin
1749 5143 1834 5195 tecum
1844 5146 1941 5207 eliquia
1952 5146 2084 5194 treneitu·

1241 5207 1340 5255 ruerit.

1291 5273 1398 5320 xxxii.
1421 5278 1520 5327 Celet
1540 5277 1607 5325 libro
1631 5274 1694 5324 1¹11.
1713 5274 1751 5327 ed
1765 5274 1887 5329 Edictum
1900 5279 2085 5341 precr‘eer'ale.

1242 5338 1310 5385 titud
1325 5341 1468 5394 quecettnm
1484 5347 1537 5393 eet:
1556 5357 1605 5406 ιι,
1626 5343 1694 5404 quod
1710 5344 1854 5394 Procurrunt
1866 5347 1892 5395 in
1905 5345 2085 5399 carcoub-es·

1243 5410 1300 5463 rat,
1320 5404 1388 5460 qnod
1407 5421 1423 5461 ι
1438 5408 1536 5463 inmitte
1546 5408 1642 5469 lectum
1654 5410 1701 5471 eit,
1722 5411 1748 5469 id
1759 5416 1798 5459 eat
1810 5418 1838 5459 ut
1849 5415 1944 5477 nutqir
1954 5411 2087 5471 ιιιιςιιΙιιι

1242 5470 1428 5529 detorquente
1440 5478 1602 5537 pereecutie,
1623 5479 1670 5527 red
1688 5476 1798 5541 inmeiat
1805 5477 1835 5527 id
1844 5481 1983 5542 perceleri,
2004 5480 2086 5538 qoud

1236 5534 1423 5596 inenuntium
1432 5543 1548 5604 torturi
1560 5540 1586 5601 id
1596 5548 1693 5599 turture
1704 5540 1850 5611 ututt'liber
1860 5549 1972 5609 iccirret,
1981 5546 2086 5597 rete-e

1242 5608 1268 5652 et
1280 5605 1307 5653 in
1318 5603 1420 5655 actione
1430 5609 1638 5667 demeriiuiuriue
1648 5613 1798 5660 otuervarit
1808 5662 1814 5670 .
1825 5615 1877 5663 Sed
1891 5615 1973 5676 marie
1988 5614 2086 5661 risun

1242 5676 1296 5735 eet,
1316 5671 1385 5718 idem
1393 5687 1452 5727 otte.
1459 5679 1655 5728 obrerreuduru.
1685 5679 1841 5739 lttrnerit03
1856 5681 2086 5740 quuncnimcic-
