4354 6424
322 386 359 441 dd
803 383 913 445 lusu.
929 385 985 441 lV.
1019 382 1061 439 10.
1081 381 1123 438 17.
1149 383 1205 438 DE
1231 383 1404 439 orricio
1430 380 1601 439 tunicis.

329 523 468 573 terentiani
480 524 547 583 apud
559 525 661 570 veteres
671 524 788 571 babebat.
806 526 872 581 Nam
881 523 920 571 utt
931 522 1070 584 possidetis
1081 524 1166 572 inter-

330 592 401 638 dicto
426 591 448 636 is
459 591 593 650 vincebat,
611 591 654 646 qui
671 591 805 638 interdicti
827 596 943 650 tempore
961 591 1122 652 possidebat,
1144 590 1166 637 si

332 659 409 705 modo
421 673 469 703 nec
481 657 521 717 vi,
531 670 579 702 nec
590 656 668 718 clam,
680 670 728 705 nce
739 659 856 716 precario
867 662 959 706 nactus
978 659 1065 706 tuerat
1081 659 1111 704 ab
1122 658 1167 704 ad-

332 725 450 772 versario
471 723 674 785 possessionem,
696 724 797 770 etiamsi
817 726 898 773 alium
916 725 943 771 vi
954 726 1105 786 expulerat,
1123 726 1169 770 ant

333 792 398 838 clam
410 790 557 849 subripuerat
568 790 682 837 alienam
690 792 894 855 possessionem,
905 795 950 839 aut
962 792 1080 851 precario
1091 803 1169 850 roga-

332 862 406 904 verat
418 856 545 917 aliquem,
554 859 583 902 ιιι
593 857 642 902 ιιιι
655 857 789 916 possidere
798 859 899 906 liceret.
910 860 1004 905 Utrabi
1016 872 1078 906 vcro
1087 859 1169 904 inter-

333 926 403 970 dicto
415 924 437 968 ii
449 924 583 983 vincebat,
604 924 648 980 qni
665 924 763 971 maiore
775 930 848 985 parte
862 927 918 972 eius
929 927 991 972 anni
1002 939 1051 972 nec
1062 926 1102 986 si,
1122 937 1170 971 nee

332 992 412 1051 clani,
423 1004 471 1036 nee
482 989 599 1047 precario
612 991 642 1036 ab
654 991 802 1039 adversario
814 993 970 1051 possidebat.
989 993 1071 1038 Hodie
1083 995 1169 1037 tamen

331 1058 409 1105 aliter
420 1057 582 1104 observatur.
602 1058 666 1102 Nam
674 1059 1080 1119 utriusqueinterdietipotestas,
1089 1071 1169 1114 quan-

331 1129 386 1170 tum
397 1124 428 1168 ad
436 1123 761 1189 possessionempertinet,
773 1129 978 1187 exaequataest,
991 1130 1019 1171 nt
1028 1124 1074 1172 itte
1082 1125 1170 1170 vincat

332 1196 359 1238 ct
376 1191 443 1236 inre
464 1189 529 1251 soti,
550 1194 576 1236 et
595 1190 662 1237 inre
677 1192 781 1253 mobili,
800 1193 844 1250 qni
864 1193 1055 1251 possessionem
1075 1190 1169 1251 neeri,

332 1272 381 1305 nec
392 1258 471 1316 clani,
483 1269 531 1301 nec
541 1258 658 1314 precario
669 1259 700 1303 ab
709 1260 922 1306 adversariotitis
933 1263 1094 1306 contestatae
1106 1263 1170 1305 tem-

331 1339 396 1386 pore
417 1324 525 1369 detinet.
555 1326 577 1383 d.
592 1327 614 1369 5.
627 1325 858 1374 Possidcreantem
876 1327 980 1373 videtur
991 1327 1097 1383 quisque
1117 1338 1170 1370 uon

332 1393 416 1439 soluni
427 1390 448 1435 si
465 1391 519 1448 ipse
538 1391 684 1451 possideat,
705 1395 750 1440 sed
772 1398 798 1440 et
810 1395 831 1439 si
843 1394 900 1442 eius
910 1394 1017 1440 nomine
1037 1392 1132 1449 aliquis
1142 1392 1171 1437 in

332 1457 498 1519 possessione
507 1458 550 1518 sit,
562 1457 653 1505 lieetis
661 1460 774 1507 eiasiuri
786 1462 915 1508 subiectus
923 1473 976 1507 non
986 1460 1029 1522 ait,
1040 1459 1172 1518 quatisest

334 1526 476 1572 colonusel
487 1524 638 1581 inquilinus.
651 1527 866 1588 l’ercosquoque,
875 1529 942 1586 apud
950 1525 1171 1585 quosdeposuerit

334 1593 407 1652 quis,
419 1595 463 1637 aut
474 1592 566 1651 quibus
577 1595 789 1655 commodaverit,
800 1594 856 1652 ipse
867 1595 999 1653 possidere
1011 1594 1122 1640 videtur.
1137 1591 1172 1637 nt

334 1660 383 1706 lioe
393 1662 446 1719 est,
458 1658 525 1713 quod
535 1657 633 1705 dieitur
639 1694 646 1722 ,
659 1662 774 1707 retinere
781 1663 970 1719 possessionem
977 1674 1052 1720 posse
1062 1660 1172 1716 aliquem
1181 1708 1189 1721 ‚

335 1739 380 1784 per
397 1725 549 1785 quemlibet,
564 1726 608 1780 qui
625 1727 793 1775 eiusiiomine
809 1728 844 1774 sit
859 1729 886 1774 in
898 1728 1071 1786 possessione.
1102 1725 1171 1779 ttniii

335 1791 504 1837 etianianiino
513 1805 612 1847 quoque
620 1795 728 1841 retineri
738 1796 927 1853 possessionem
938 1796 1037 1855 placet,
1049 1794 1074 1839 id
1086 1796 1125 1839 est
1133 1796 1172 1853 ut,

335 1858 451 1915 quamvis
459 1872 540 1914 neque
552 1859 606 1916 ipse
617 1861 651 1906 sit
662 1863 689 1906 iii
700 1863 881 1926 possessione,
896 1876 978 1922 umque
995 1863 1053 1909 eius
1067 1863 1172 1907 nomine

335 1925 413 1984 atius,
426 1930 519 1987 tamen,
531 1925 612 1971 sinoii
619 1927 835 1989 derelinquendue
842 1930 1016 1988 possessionis
1024 1928 1120 1989 animo,
1128 1926 1174 1973 sed

335 1996 425 2051 postea
437 2005 589 2038 reversurus
600 1994 661 2042 iude
672 1996 834 2058 discesserit,
855 1998 972 2045 retinere
982 1995 1173 2056 possessionem

331 2059 1173 2127 videatur.Adipisciveropossessiouemperquosnliqulspotest,

335 2126 448 2197 seeundo
455 2125 521 2172 libro
529 2129 704 2187 esposuimin3
713 2131 953 2179 necuttadubitntio
961 2134 1009 2193 est,
1017 2130 1078 2191 quin
1088 2129 1173 2175 auimo

331 2193 393 2260 ‘solo
400 2192 508 2251 adipisci
516 2195 702 2252 possessiouem
709 2210 784 2245 nemo
795 2203 889 2257 potest.
901 2202 925 2260 ς.
940 2204 962 2246 ti.
976 2196 1173 2257 lleenpcrsndae

335 2260 507 2318 possessionis
517 2262 666 2309 causasolet
674 2264 804 2323 interdici,
811 2265 832 2310 si
840 2267 896 2323 quis
904 2280 935 2313 es
943 2265 1173 2325 possessionetun-

335 2327 361 2372 di
374 2328 413 2373 vel
421 2327 553 2373 aediumvi
562 2330 676 2376 deiectus
684 2333 771 2378 tuerit.
791 2333 856 2379 Nam
866 2333 891 2380 ei
902 2329 1173 2393 proponiturinterdi-

337 2398 405 2439 atain
415 2394 483 2439 unde
492 2394 516 2439 vi
523 2427 531 2456 ‚
539 2408 585 2453 per
594 2398 663 2456 quod
672 2398 707 2460 is,
719 2400 761 2455 qui
773 2399 879 2461 deiecit,
891 2400 994 2459 cogitur
1002 2399 1027 2446 ei
1035 2399 1173 2446 restituere

336 2460 538 2523 pussessionem,
553 2462 615 2508 licet
627 2464 649 2509 is
660 2464 691 2510 ab
702 2479 746 2527 eo,
756 2465 800 2527 qul
810 2466 917 2527 deiecit,
930 2467 969 2527 vi,
990 2466 1032 2512 vet
1042 2466 1119 2526 etam,
1131 2462 1173 2510 vel

334 2527 454 2586 precario
476 2529 630 2586 possidebat.
660 2532 711 2578 Sed
722 2547 755 2579 ex
775 2533 1007 2580 constitutionibus
1027 2533 1122 2592 saeris,
1144 2533 1173 2575 ut

336 2607 414 2652 supra
426 2593 553 2655 diximus,
564 2596 586 2641 si
598 2596 655 2656 quis
666 2612 720 2644 rem
730 2615 774 2659 per
785 2600 836 2646 vim
847 2601 1026 2660 occupaverit,
1039 2601 1060 2646 si
1071 2599 1173 2661 quidem

336 2660 363 2705 in
377 2661 450 2706 bonis
469 2662 589 2725 eiusest,
610 2664 790 2713 domiuioeiuii
812 2668 941 2730 privatur,
962 2667 1094 2729 aiallcna,
1113 2665 1183 2725 post'

338 2727 394 2774 eins
410 2729 603 2776 restitutionem
621 2732 699 2778 eliam
723 2735 929 2782 aestimationem
945 2736 1006 2781 dare
1024 2735 1077 2781 vim
1095 2746 1172 2791 passo

337 2795 509 2855 compellitur.
539 2796 588 2849 Qui
609 2801 815 2859 sutentationem
836 2802 867 2848 de
879 2801 1043 2861 possessione
1064 2815 1109 2859 per
1121 2800 1172 2847 vim

337 2861 473 2925 deiecerit,
487 2863 654 2922 teneturtcge
665 2868 732 2913 lutia
743 2868 773 2913 de
785 2868 809 2913 vi
821 2868 859 2927 pri
865 2873 923 2915 vata
929 2872 974 2914 aut
985 2868 1017 2914 de
1026 2867 1051 2913 vi
1062 2868 1171 2925 publium

337 2928 381 2975 sed
393 2930 424 2975 de
435 2929 461 2975 vi
471 2931 587 2991 privata,
599 2931 621 2976 si
631 2932 687 2979 siue
698 2934 776 2980 armis
788 2934 839 2981 vim
849 2936 954 2993 iecerit,
965 2935 1007 2981 siu
1018 2940 1170 2981 autemeam

336 2996 414 3042 minis
426 3011 482 3043 eum
495 2998 525 3045 de
536 2999 700 3058 possessione
711 3002 902 3065 expulerit,ue
914 3002 939 3049 vi
950 3001 1061 3062 publica
1078 3001 1171 3047 Armo-

337 3076 393 3109 rum
404 3068 488 3111 aulem
508 3065 684 3125 appellatione
700 3081 754 3115 riou
774 3070 857 3115 sotum
873 3073 953 3131 scuta,
965 3073 991 3117 et
1007 3068 1124 3129 gladios,
1145 3070 1171 3114 et

335 3130 423 3189 galeas
443 3131 583 3190 significari
603 3133 788 3199 intelligimus,
809 3136 892 3183 sedet
909 3139 1005 3196 fustes,
1027 3134 1169 3195 etlspides.

334 3198 358 3257 p.
371 3198 395 3242 l.
408 3197 497 3244 Tertio
508 3199 601 3244 divisio
614 3200 812 3250 interdictorum
823 3203 885 3251 liaec
895 3207 947 3266 est,
968 3202 1035 3263 quod
1046 3205 1091 3249 aut
1108 3202 1171 3248 sim·

334 3263 413 3323 plicia
424 3270 500 3328 sunt,
511 3271 556 3312 aut
567 3267 688 3326 dupiicia.
716 3269 851 3330 Simplicia
861 3276 930 3333 sunt,
942 3270 1024 3318 ueluti
1036 3269 1064 3315 in
1077 3269 1170 3329 quilius

334 3329 402 3391 atter
413 3336 484 3379 actor
491 3366 499 3393 ,
520 3333 588 3380 alter
598 3347 658 3381 reus
669 3335 718 3395 sit;
739 3338 826 3395 qualia
836 3342 896 3385 sunt
908 3338 995 3385 omnia
1005 3335 1172 3383 restitutoriis

335 3401 379 3473 ant
392 3399 559 3474 entiibitoiia
590 3401 704 3459 Namque
714 3411 788 3451 actor
799 3407 852 3468 cst,
873 3405 917 3463 qui
929 3404 1058 3452 desiderat
1068 3406 1113 3449 aut
1124 3416 1171 3452 ex-

334 3462 417 3538 biberi
429 3497 436 3525 ,
447 3469 491 3511 aut
502 3466 620 3529 restitui,
636 3482 696 3516 reiis
706 3477 745 3517 ert
756 3473 792 3535 is,
806 3485 882 3531 aquo
893 3472 1068 3532 desideratur,
1089 3473 1119 3516 ut
1130 3484 1171 3517 re·

334 3531 617 3605 stptaatsuleitiitieat.
635 3535 1170 3586 Prohibitoriorumautemiuterdictorum

334 3594 387 3639 alia
405 3596 532 3655 simplicia
543 3602 617 3663 sunt,
639 3601 691 3648 alia
702 3604 823 3664 duplicia.
851 3606 1069 3668 Simplicissuiit,
1090 3604 1172 3651 veluti

335 3674 391 3739 cum
402 3664 519 3720 prohibet
530 3665 638 3713 l’ractor
646 3669 673 3714 iii
682 3670 741 3718 loeo
753 3686 840 3735 sacro,
851 3673 894 3719 vel
906 3672 1048 3721 indumine
1059 3670 1172 3733 publico,

333 3740 423 3810 ripave·
446 3731 502 3778 eius
521 3731 620 3789 aliquid
631 3734 697 3782 lteri.
725 3740 790 3786 Nam
809 3742 948 3804 actorest,
969 3740 1012 3797 qui
1034 3739 1171 3801 desiderat,

334 3809 367 3842 ne
378 3798 439 3853 quid
451 3798 509 3861 tint,
520 3813 580 3846 reus
591 3806 643 3863 est,
655 3802 698 3859 qui
706 3805 804 3863 aliquid
814 3807 898 3855 lacere
909 3811 1024 3855 conatur.
1052 3806 1173 3866 Duplicia

333 3867 408 3926 sunt,
431 3865 512 3911 veluti
524 3866 562 3912 uti
582 3869 721 3927 possidetis
740 3873 917 3937 interdictum,
937 3878 964 3922 et
983 3874 1080 3921 utrubi.
1111 3874 1171 3920 tileo

334 3932 420 4007 sptem
432 3932 545 3989 duplicia
557 3939 696 3998 vocantur,
713 3940 773 3996 quia
783 3954 830 3998 par
841 3942 977 4000 utriusque
988 3941 1133 4000 litigatoris
1143 3939 1171 3987 iu

334 3994 374 4074 tis
386 3998 502 4045 coiiilitio
514 4003 572 4057 est,
595 4016 644 4050 nce
654 4005 787 4063 quisquam
807 4008 945 4067 praecipue
966 4022 1027 4056 rcus
1038 4008 1081 4056 vet
1098 4009 1172 4054 actor

334 4064 509 4142 intelligitur,
521 4068 565 4113 seul
573 4071 749 4129 unusquisque
761 4077 811 4121 tam
820 4076 875 4139 rei,
887 4075 1171 4133 quamaetorispartam

333 4134 454 4197 sustinet.
483 4135 506 4193 d.
518 4137 542 4179 8.
568 4135 607 4183 lle
619 4137 712 4186 ordine
727 4143 754 4186 ct
770 4145 860 4190 vetere
876 4143 950 4189 exitu
971 4143 1171 4190 interdictorum

332 4210 519 4277 superuacuum
530 4205 569 4247 est
580 4203 657 4251 bodie
668 4205 761 4254 dicere.
781 4209 845 4256 Nam
856 4212 958 4268 quoties
969 4213 1045 4261 extra
1054 4210 1172 4258 ordinem

333 4264 374 4312 lus
386 4265 482 4312 dicitur
489 4298 499 4322 ,
520 4268 618 4327 (qualia
628 4275 689 4319 sant
699 4273 777 4323 liodic
788 4278 875 4323 omnia
886 4277 993 4338 iudicia)
1009 4291 1064 4325 uon
1074 4281 1114 4326 cst
1124 4291 1171 4325 ue-

332 4344 413 4390 cesse,
434 4332 506 4380 reddi
518 4333 698 4403 interdictum,
713 4342 758 4389 sed
768 4344 1012 4402 perindeiudicatur
1022 4344 1078 4393 sirie
1090 4345 1171 4392 inter·

332 4398 422 4466 dictis,
433 4413 463 4448 ae
474 4400 495 4447 si
507 4402 581 4450 utitis
592 4407 661 4453 actio
672 4420 705 4454 ex
717 4422 794 4457 causa
804 4411 937 4459 interdicti
957 4413 1058 4460 reddita
1068 4413 1169 4460 luisset.

381 4587 434 4633 DE
460 4584 602 4637 ΡΟΕΝΑ
630 4507 1121 4644 T'lEddeR'EKVLllTlGANTlUM.

335 4733 342 4746 ,
383 4669 458 4715 Nune
469 4671 623 4719 admonendi
635 4687 722 4721 sumus
729 4708 738 4732 ,
749 4690 865 4736 magnam
876 4690 962 4725 curam
970 4679 1115 4743 egisseeoa,
1127 4680 1171 4739 qui

333 4747 390 4779 iura
402 4736 563 4787 sustinebant
570 4771 579 4798 ,
601 4755 634 4787 ne
646 4741 722 4790 facite
733 4744 850 4792 tiomiues
861 4744 894 4790 ad
904 4744 1060 4805 litigandum
1080 4760 1172 4806 proes-

333 4798 439 4874 derent,
452 4805 519 4858 quad
531 4811 557 4853 et
566 4809 642 4854 uobis
663 4810 750 4857 stadio
762 4815 809 4857 est.
841 4811 919 4869 litque
939 4827 970 4859 eo
991 4815 1103 4863 inanime
1114 4814 1171 4861 tleri

332 4872 435 4945 potest,
456 4872 523 4925 quod
534 4875 666 4922 temeritas
685 4881 737 4924 tani
747 4878 895 4937 agentium,
918 4892 992 4935 quam
1003 4895 1102 4941 eorum,
1114 4894 1173 4929 cum

331 4934 424 5013 ‘imbus
434 4942 555 5014 ageretur
562 4973 571 4998 ,
592 4944 668 4989 inodo
691 4946 842 5003 pecuniaria
852 4959 936 5005 poena
947 4981 954 5008 ‚
974 4948 1050 4995 modo
1061 4948 1172 4995 iurisiu-

332 5001 407 5079 randi
418 5007 561 5080 religione,
574 5010 648 5055 modo
661 5012 782 5059 iiitnniiac
795 5017 863 5060 nictu
876 5015 1021 5061 radicetur.
1042 5018 1065 5075 5.
1081 5015 1171 5063 tEoce

332 5081 401 5146 euim
422 5073 599 5120 iusiurandum
612 5078 740 5141 omnibus,
752 5081 794 5137 qni
806 5081 1014 5138 conveniuntur,
1026 5096 1059 5129 eir
1072 5083 1171 5129 eonsti-

330 5138 436 5213 tptione
453 5141 543 5185 nostra
554 5141 678 5188 delectur.
707 5146 771 5193 Naiu
783 5161 843 5194 reus
853 5162 906 5195 uon
917 5149 995 5199 aliter
1006 5150 1060 5197 suis
1072 5150 1171 5210 allega·

331 5204 447 5248 tionibus
466 5204 564 5262 utitur,
585 5209 635 5254 nisi
647 5210 873 5272 priusiursverit,
893 5218 960 5274 qnod
981 5222 1093 5277 putans,
1114 5232 1171 5267 sese

331 5268 400 5314 bona
420 5270 546 5317 instantia
560 5274 608 5328 ati,
628 5276 660 5320 ad
677 5280 904 5329 contradicendum
924 5285 1051 5343 peruenit.
1080 5286 1170 5332 dtad-

331 5348 421 5399 versus
441 5337 583 5387 insilientes
606 5355 638 5389 ex
660 5344 811 5398 quibusdum
831 5350 915 5394 causis
925 5351 998 5409 dupli
1016 5351 1070 5408 [sel
1082 5351 1167 5409 tripli]

331 5404 400 5450 actio
412 5405 596 5464 einistituitnv5
609 5408 691 5455 veluti
703 5411 725 5456 si
739 5413 825 5459 damni
837 5415 949 5462 iniuriae
960 5421 1005 5463 ant
1024 5416 1168 5475 legatorum

330 5469 396 5516 locis
410 5472 599 5519 vciierabitibns
611 5476 763 5524 relictorum
773 5481 878 5527 nomine
889 5487 989 5539 agatur.
1018 5482 1112 5529 Statim
1122 5497 1168 5530 au-

330 5540 382 5615 tern
393 5538 424 5585 ati
435 5538 513 5585 initio
524 5540 618 5599 pluris,
629 5556 703 5601 quam
711 5544 798 5603 simpli
809 5550 848 5593 est
859 5549 927 5594 aetio
945 5548 1026 5594 veluti
1038 5549 1102 5595 tnrti
1114 5564 1168 5597 ma·

331 5604 419 5662 uitesti
430 5607 581 5668 quadrupli,
603 5622 650 5657 uec
670 5611 801 5658 manifesti
814 5613 899 5672 dupli;
920 5629 979 5661 uani
989 5628 1021 5661 ex
1034 5617 1117 5663 causis
1128 5617 1168 5664 tiis

330 5675 357 5717 et
368 5673 428 5718 aliis
440 5675 604 5737 quibusdam,
615 5675 671 5723 sive
682 5680 739 5733 quis
750 5682 828 5738 neget
837 5712 846 5737 ,
857 5680 912 5727 sire
922 5682 1036 5729 fateatur
1045 5712 1054 5738 ,
1075 5685 1167 5741 pluris,

330 5751 406 5795 quani
417 5740 503 5801 simpli
515 5747 553 5788 cst
564 5743 641 5791 actio.
662 5744 726 5794 llcm
736 5747 833 5797 actoris
844 5751 1081 5808 quoqucealamuia
1092 5755 1166 5800 coti·-

1218 528 1306 584 eetur3
1318 537 1379 571 nani
1388 523 1467 573 etlam
1478 526 1552 572 actor
1561 534 1610 583 pro
1617 519 1747 569 edomata
1754 518 1844 569 turars
1851 517 1954 579 cogitur
1963 528 1999 567 ex
2008 526 2057 566 aa·

1218 595 1273 639 stra
1284 591 1481 639 constitutione.

1268 660 1408 717 Utriusque
1419 657 1498 704 etiam
1513 653 1598 716 partis
1613 654 1732 703 advocati
1744 654 1925 702 iusiurandum
1935 653 2059 711 tabem,

1219 725 1350 785 quodalta
1371 728 1463 773 nostra
1483 724 1672 771 constitutione
1691 721 1960 780 comprehensumest.
1988 721 2060 768 ΗΜ

1219 796 1304 840 autem
1313 793 1451 852 omniapro
1459 790 1555 838 veteris
1566 790 1711 839 calumnias
1719 789 1823 840 actione
1831 788 2060 845 introductasuut,

1220 872 1284 918 quae
1295 858 1323 905 ia
1336 860 1532 907 desuetudinem
1543 857 1621 916 abiit3
1639 870 1703 916 quae
1716 857 1744 903 in
1755 860 1855 915 partam
1868 855 1993 903 decim
2001 854 2060 902 litis

1221 931 1323 975 actores
1339 927 1495 987 mulctabat,
1508 926 1576 982 qaod
1588 925 1822 982 nunquamtaetuin
1828 936 1885 970 esse
1895 922 2059 981 invenimus3

1221 994 1318 1052 sedpro
1326 995 1366 1040 liis
1373 993 1548 1040 introductum
1555 995 1627 1039 estet
1637 992 1780 1050 praeratum
1789 989 1982 1051 iusiurandum,
1993 991 2062 1035 etat

1221 1061 1351 1119 improbus
1370 1060 1492 1119 litigator
1511 1059 1682 1121 etdamnum,
1702 1061 1729 1104 et
1739 1058 1867 1115 impensas
1886 1057 1945 1102 litis
1960 1057 2061 1104 interra

1223 1127 1372 1174 adversario
1383 1129 1554 1185 suocogatur.
1584 1128 1607 1185 ἦ.
1621 1130 1645 1172 2.
1657 1126 1697 1172 Ex
1710 1124 1862 1186 quibusdam
1872 1122 1976 1170 iudiciis
1986 1124 2060 1170 urie

1221 1194 1277 1241 nati
1288 1194 1456 1253 ignominiosi
1467 1194 1542 1250 liunt,
1553 1192 1636 1241 veluti
1647 1192 1722 1248 turli,
1733 1192 1759 1238 vi
1770 1192 1897 1238 bonoram
1913 1193 2060 1252 raptorum,

1222 1261 1387 1317 iniuriarum,
1408 1260 1526 1317 dedolo,
1547 1259 1613 1306 item
1624 1259 1730 1321 tutelae,
1749 1259 1873 1320 mandati,
1895 1256 2007 1315 depositi
2018 1257 2060 1302 di·

1221 1329 1315 1385 rectis,
1327 1341 1380 1375 non
1392 1327 1532 1374 contrariis
1541 1326 1703 1384 actionibus,
1716 1339 1762 1384 pro
1773 1325 1862 1381 socio,
1873 1337 1938 1382 quae
1944 1324 1975 1369 ab
1985 1328 2060 1371 atra-

1222 1409 1271 1453 que
1283 1400 1355 1455 purte
1368 1395 1465 1442 directa
1475 1398 1524 1449 est,
1545 1396 1571 1439 et
1581 1394 1614 1440 ob
1624 1393 1651 1440 id
1661 1393 1770 1450 quilibet
1780 1405 1814 1439 ex
1825 1393 1905 1439 sociis
1916 1403 1947 1437 eo
1959 1388 2060 1438 iudicio

1223 1463 1357 1509 damnatus
1377 1461 1520 1521 ignominia
1541 1463 1656 1507 notatur.
1685 1460 1734 1507 Sed
1754 1459 1818 1506 lurti
1838 1459 1955 1515 quidem,
1975 1456 2060 1503 sutri

1223 1530 1347 1576 bonorum
1354 1534 1497 1587 raptorum,
1515 1526 1730 1581 sutiniurtarum,
1740 1531 1785 1572 aut
1795 1527 1827 1572 de
1837 1525 1898 1573 doto
1909 1535 1962 1570 non
1973 1525 2059 1571 solam

1223 1596 1336 1643 damnati
1356 1600 1482 1643 notantur
1502 1593 1660 1652 ignominia,
1680 1593 1813 1640 sedetiam
1834 1592 1919 1651 picti,
1939 1594 2059 1639 etreete.

1207 1663 1364 1710 'Plurimum
1375 1663 1444 1711 enim
1465 1662 1584 1716 interest,
1604 1665 1691 1707 utrum
1701 1673 1734 1708 ex
1746 1660 1842 1706 delicto
1852 1658 1960 1718 aliquis,
1979 1671 2013 1703 au
2024 1668 2060 1705 ex

1224 1734 1360 1777 contractu
1379 1730 1481 1777 debitor
1492 1728 1534 1773 sis.
1564 1730 1587 1787 d.
1599 1731 1623 1774 8.
1646 1728 1764 1774 Omnium
1775 1730 1860 1772 autem
1874 1723 2007 1772 actionum
2017 1724 2061 1770 in·

1224 1797 1412 1844 stituendarum
1432 1794 1588 1855 principium
1603 1795 1633 1841 ab
1650 1807 1681 1841 ea
1691 1798 1765 1852 parte
1775 1793 1854 1840 edicti
1874 1791 2060 1851 proficiscitur,

1224 1877 1273 1921 qua
1284 1865 1393 1911 Praetor·
1403 1863 1482 1909 edicit
1493 1862 1524 1908 de
1534 1860 1615 1907 iu'ins
1627 1862 1753 1909 vocando.
1782 1861 1876 1919 {itique
1887 1858 1963 1905 >euim
1976 1856 2060 1917 inpri-

1223 1930 1271 1976 mis
1281 1929 1444 1978 adversarius
1455 1929 1483 1975 iu
1493 1928 1670 1975 insvoeandas
1677 1931 1716 1974 est
1726 1928 1758 1975 ad
1769 1925 1886 1988 eum,qui
1893 1925 1934 1971 ius
1941 1924 2061 1972 dicturus

1224 1997 1266 2043 sit.
1296 1998 1354 2050 Qua
1363 2000 1436 2054 perte
1443 1997 1552 2044 Praetor
1563 1995 1712 2054 parentibus
1722 1999 1749 2042 et
1760 1993 1887 2052 patronis,
1898 1992 1959 2039 item
1966 2004 2060 2049 peresi·

1225 2064 1294 2109 tibus
1313 2063 1452 2119 liberisque
1462 2066 1633 2122 patronorum
1653 2066 1679 2109 et
1689 2066 1856 2121 patronarum
1866 2060 1934 2105 lianc
1944 2059 2060 2116 praestat

1225 2131 1364 2193 bonorem,
1375 2136 1404 2175 ut
1415 2144 1469 2176 uon
1483 2130 1561 2177 alitor
1571 2129 1649 2176 liceat
1657 2128 1748 2176 tiberis
1762 2127 1914 2183 libertisque
1924 2136 1970 2172 eos
1980 2124 2009 2171 in
2018 2126 2061 2172 ius

1226 2211 1328 2253 vocare,
1340 2210 1415 2255 quam
1425 2197 1448 2244 ai
1459 2197 1485 2243 id
1496 2198 1528 2242 ab
1538 2196 1595 2255 ipso
1606 2196 1731 2243 Praetore
1741 2193 1932 2255 postulaverint
1942 2196 1969 2239 et
1979 2192 2060 2252 inipe-

1226 2263 1368 2322 truserint,
1380 2264 1406 2309 et
1419 2263 1442 2309 si
1452 2263 1509 2323 qais
1518 2264 1596 2309 aliter
1606 2264 1752 2321 vocaverit,
1768 2262 1798 2310 iu
1807 2274 1866 2310 euni
1876 2272 1985 2320 poenam
1995 2258 2061 2307 soli·

1225 2329 1512 2390 durumquiuquagiats
1531 2329 1678 2377 constituit.
1707 2368 1712 2381 .

1529 2429 1620 2489 ΤΙΤ.
1642 2429 1759 2491 xvtl.

1425 2514 1478 2561 on
1494 2513 1662 2561 oi‘sieio
1682 2512 1852 2571 iuniois.

1276 2599 1417 2658 Superest,
1430 2599 1501 2646 uide
1512 2599 1596 2645 adlato
1607 2594 1700 2645 iudicis
1711 2594 1885 2655 dispiciamus.
1912 2593 1948 2641 Et
1957 2594 2059 2652 quidem

1223 2665 1343 2724 inprimis
1365 2666 1430 2712 illud
1452 2666 1590 2713 observare
1611 2664 1686 2712 debet
1705 2661 1793 2725 iudex,
1813 2675 1847 2710 ue
1864 2662 1943 2710 aliter
1952 2661 2060 2718 iudicet,

1224 2747 1298 2793 quani
1310 2732 1420 2791 tegibus,
1431 2735 1476 2780 aut
1486 2730 1729 2784 constitutionibus,
1748 2733 1794 2777 aut
1804 2730 1919 2777 moribus
1930 2728 2060 2789 proditum

1224 2802 1273 2847 est.
1301 2802 1325 2861 ς.
1338 2802 1361 2846 1.
1372 2800 1485 2857 ideoque
1495 2800 1518 2846 si
1528 2799 1619 2849 noxali
1630 2796 1852 2845 indicioaddtctns
1863 2802 1911 2861 est,
1922 2797 2059 2844 obsecrare

1224 2868 1307 2928 debet,
1321 2870 1358 2922 ut,
1379 2866 1622 2914 sicoiidemnaadas
1641 2864 1891 2920 videturdominus,
1911 2864 1949 2910 ita
1969 2863 2059 2910 debeat

1224 2934 1410 2983 condemnare:
1444 2933 1563 2982 Pauliana
1572 2933 1702 2982 Macriani
1711 2930 1790 2978 Laeto
1804 2933 1870 2979 ditio
1880 2934 1908 2978 iis
1919 2932 2002 2979 deeras
2012 2944 2059 2976 as·

1223 3015 1281 3049 reas
1290 3004 1432 3060 condemno,
1447 3011 1496 3048 aut
1504 3016 1601 3049 noxam
1607 3001 1708 3046 dedere.
1727 2999 1750 3057 t.
1762 3004 1787 3046 2.
1798 2998 1833 3044 Et
1844 3000 1866 3046 si
1877 2999 1905 3045 in
1914 3012 1969 3046 rein
1974 3002 2058 3043 actura

1223 3068 1268 3124 sit,
1279 3068 1334 3115 sive
1344 3073 1435 3115 contra
1444 3068 1582 3127 petitorem
1594 3065 1757 3128 indicauerit,
1769 3066 1903 3113 absolvere
1914 3064 1987 3111 debet
1998 3076 2058 3122 pos-

1223 3146 1363 3193 sessorem
1384 3134 1439 3182 sive
1459 3139 1552 3182 eontra
1562 3147 1744 3196 possessorem,
1763 3133 1853 3180 iubere
1864 3146 1921 3179 eum
1934 3131 2018 3187 debet,
2029 3133 2059 3176 ιιι

1222 3215 1276 3248 rem
1286 3202 1368 3261 ipsam
1377 3203 1500 3249 restituat
1511 3216 1569 3250 cuin
1579 3202 1714 3249 fructibus.
1733 3200 1783 3246 Sed
1794 3201 1815 3246 si
1827 3212 1961 3259 possessor
1971 3200 2058 3255 neget,

1222 3267 1390 3327 inpraesenti
1402 3282 1431 3316 se
1441 3271 1581 3316 restituere
1592 3282 1676 3331 posse,
1688 3271 1714 3315 et
1725 3267 1782 3313 siae
1801 3266 1973 3313 irnatratioue
1986 3264 2058 3311 side-

1223 3335 1294 3382 liitur
1304 3340 1404 3393 tempus
1413 3336 1568 3385 restituendi
1580 3349 1656 3383 eausa
1666 3337 1762 3394 petere,
1774 3333 1959 3390 indulgendum
1969 3335 2011 3378 est
2021 3330 2057 3389 οἱ,

1223 3405 1252 3448 ut
1263 3406 1347 3449 tamen
1358 3403 1388 3449 de
1398 3402 1454 3449 litis
1475 3402 1656 3450 aestimatione
1678 3402 1767 3447 cai'eat
1786 3399 1842 3445 cubi
1852 3398 2015 3459 fideiussore,
2035 3398 2058 3444 si

1223 3469 1294 3516 intra
1305 3473 1414 3528 tempus,
1431 3470 1499 3529 quod
1518 3469 1541 3516 ei
1563 3468 1649 3515 datam
1660 3471 1709 3523 est,
1729 3479 1782 3515 nou
1793 3465 1961 3512 restituisset.
1990 3465 2026 3511 Et
2037 3465 2060 3512 si

1223 3537 1354 3584 hereditas
1366 3534 1592 3595 pertractantem
1603 3535 1672 3582 circa
1682 3536 1781 3580 tructus
1792 3532 2070 3589 intermittuntque·

1225 3604 1337 3653 diximus
1348 3605 1507 3651 intervenire
1517 3603 1544 3649 iii
1555 3602 1714 3662 singularum
1733 3596 1966 3661 ieium'petiuoiie.
1995 3599 2060 3646 lllo·

1224 3686 1280 3719 rum
1292 3675 1377 3718 autem
1388 3672 1532 3732 tructuuin,
1544 3683 1607 3727 quos
1619 3669 1695 3728 eulpa
1704 3681 1751 3714 sua
1761 3681 1896 3727 possessor
1905 3680 1959 3713 non
1970 3679 2060 3726 perce-

1224 3739 1303 3801 perit,
1324 3738 1352 3784 iu
1373 3741 1481 3796 utraque
1501 3737 1605 3784 actione
1625 3737 1712 3784 eadem
1731 3735 1801 3782 ratio
1815 3749 1897 3794 paene
1907 3734 2024 3793 nabetur,
2036 3731 2059 3777 si

1224 3806 1318 3865 praeda
1331 3805 1419 3853 tuerit.
1447 3805 1475 3852 si
1487 3818 1549 3852 vero
1561 3804 1629 3851 bona
1638 3803 1688 3850 fide
1697 3816 1830 3862 possessor
1840 3801 1928 3858 luerit,
1949 3813 2003 3847 nou
2013 3801 2060 3847 bs-

1225 3873 1301 3919 betsr
1313 3873 1380 3919 ratio
1398 3877 1599 3934 coiiaumtsram,
1616 3884 1699 3927 neque
1709 3883 1762 3916 non
1782 3874 1968 3929 perceptorum.
1996 3866 2059 3913 Post

1224 3938 1370 3987 inclinatam
1381 3945 1466 3988 autem
1476 3939 1630 3999 petitionem
1641 3938 1718 3985 eliasu
1728 3937 1834 3985 illorum
1850 3939 1979 3983 tractuum
1989 3933 2059 3982 ratio

1224 4007 1342 4069 liabetur,
1352 4007 1395 4065 qui
1407 4007 1482 4067 culpa
1487 4006 1646 4066 possessoris
1657 4005 1770 4064 percepti
1777 4017 1830 4051 nou
1837 4008 1908 4059 suut,
1919 4003 1961 4050 vel
1971 4014 2060 4061 peree-

1224 4073 1474 4132 pticonsumtisuut.
1492 4077 1515 4136 p.
1527 4077 1552 4122 i.
1564 4073 1631 4120 Sisd
1638 4072 1809 4121 exhibendum
1817 4074 1903 4129 aelam
1910 4069 1996 4129 tuerit,
2004 4080 2060 4114 non

1224 4142 1326 4205 suflicit,
1339 4142 1362 4188 si
1369 4142 1550 4190 esliibeatrcm
1560 4140 1592 4203 is,
1604 4142 1717 4201 cumque
1727 4143 1813 4186 sctum
1821 4142 1870 4201 est,
1880 4137 1926 4185 sed
1935 4149 1999 4196 opus
2009 4138 2060 4191 est,

1223 4212 1253 4254 ut
1263 4210 1342 4256 etiam
1351 4208 1389 4258 rei
1400 4221 1502 4257 eausam
1513 4209 1603 4255 debeat
1613 4206 1746 4268 exhibere,
1766 4206 1793 4253 id
1803 4208 1844 4253 est
1851 4208 1881 4252 ut
1891 4217 1947 4254 eain
1957 4216 2060 4253 cam

1224 4276 1315 4323 babeat
1333 4279 1414 4340 actor,
1434 4290 1509 4335 quam
1527 4275 1662 4322 habituras
1681 4276 1759 4334 esset,
1771 4272 1802 4335 si,
1813 4286 1888 4333 quum
1907 4270 2016 4331 primaru
2027 4268 2060 4315 ad
2098 4282 2105 4297 ‘

1223 4343 1396 4390 exhibendum
1417 4345 1527 4406 egisset,
1558 4341 1727 4391 esliibitares
1738 4341 1845 4397 tuisset3
1864 4339 1973 4395 ideoque
1983 4337 2005 4383 si
2017 4337 2061 4383 ia-

1224 4414 1359 4456 termarius
1371 4414 1495 4469 usucapta
1505 4410 1540 4459 sit
1559 4422 1601 4456 res
1612 4420 1627 4455 a
1637 4421 1794 4469 possessore,
1815 4405 1986 4452 nibilominus
1997 4416 2061 4450 coii-

1225 4477 1394 4524 demnabitur.
1422 4477 1562 4525 Praeterea
1580 4477 1711 4523 tructnuiu
1729 4475 1807 4525 medii
1829 4472 1962 4534 temporis,
1983 4471 2061 4518 idest

1224 4542 1289 4606 etas,
1311 4544 1378 4604 quod
1390 4547 1447 4602 post
1459 4547 1590 4603 acceptum
1614 4543 1645 4589 ad
1657 4543 1829 4591 esliibeudum
1848 4539 1980 4601 iudicium,
2000 4541 2061 4587 inte

1225 4610 1429 4658 remiudieataui
1451 4609 1609 4671 intercessit,
1629 4609 1760 4657 rationem
1779 4610 1875 4656 babere
1884 4606 1961 4654 debet
1970 4604 2060 4654 iudex.

1224 4677 1322 4730 Quodsi
1332 4683 1409 4738 neget
1419 4679 1451 4740 is,
1462 4692 1518 4725 eniri
1525 4691 1576 4737 quo
1587 4677 1796 4724 adenliitieudum
1803 4680 1888 4723 sctum
1895 4676 1943 4736 cst,
1950 4674 1978 4719 in
1985 4685 2061 4732 prae-

1224 4745 1291 4792 senti
1304 4745 1427 4802 exbibete
1438 4759 1521 4806 posse,
1533 4749 1558 4792 ct
1567 4749 1667 4803 tempus
1678 4743 1816 4793 exhibendi
1828 4755 1906 4790 eausa
1917 4743 1998 4800 petat,
2019 4739 2060 4786 id-

1224 4827 1272 4870 que
1293 4813 1349 4860 sine
1377 4814 1548 4862 frustratione
1570 4814 1705 4871 postulare
1732 4810 1869 4866 rideatur,
1892 4809 1949 4855 dari
1969 4806 1994 4854 ei
2015 4806 2062 4854 de·

1224 4880 1281 4937 bct;
1303 4884 1333 4926 ut
1353 4885 1438 4927 tamen
1460 4883 1563 4942 careat,
1584 4893 1611 4927 sc
1633 4879 1823 4927 restituturum.
1853 4875 1953 4930 Quodsi
1976 4887 2062 4931 neque

1224 4946 1312 4993 statim
1332 4948 1404 4995 iussu
1425 4948 1582 4995 iudicisiem
1604 4947 1740 5009 eiliibeat,
1762 4940 2061 5003 nequeposteaexbibi-

1225 5018 1309 5060 turum
1331 5028 1358 5062 se
1371 5020 1470 5078 caveat,
1492 5014 1746 5063 condemnandnssit
1765 5012 1852 5073 inid,
1873 5011 1940 5070 quod
1962 5006 2061 5055 actoris

1224 5082 1366 5144 intererat,
1377 5084 1408 5129 ab
1419 5083 1496 5128 initio
1507 5097 1561 5129 reni
1572 5081 1714 5128 exhibitam
1724 5094 1790 5128 esse.
1829 5080 1852 5137 d.
1864 5080 1888 5123 ι.
1906 5077 1934 5123 Si
1945 5075 2062 5123 tussiltae

1223 5150 1390 5196 erciscundae
1401 5149 1498 5196 iudicio
1509 5152 1595 5194 aetum
1606 5148 1656 5211 sit,
1679 5147 1797 5207 singutas
1808 5159 1849 5192 res
1862 5143 1974 5202 singulis
1984 5144 2061 5189 licie·

1224 5217 1296 5264 dibus
1316 5217 1464 5262 adiudicare
1485 5216 1574 5273 debet,
1602 5218 1630 5261 et
1648 5215 1671 5260 si
1691 5211 1838 5280 inatterius
1858 5223 1971 5270 persona
1985 5221 2061 5269 prae-

1223 5297 1332 5342 gravare
1344 5283 1462 5329 videatur
1482 5281 1655 5337 adiudicalio,
1676 5281 1829 5328 debetbunc
1850 5277 1962 5324 invicem
1982 5275 2061 5323 cotie-

1222 5350 1277 5397 redi
1289 5354 1359 5395 certa
1369 5350 1486 5411 pecunie
1499 5348 1566 5394 sieut
1577 5348 1628 5394 iarn
1639 5348 1735 5395 dictum
1746 5351 1798 5407 est,
1810 5345 1990 5393 condemnare.
2018 5342 2060 5388 Eo

1222 5429 1323 5475 quoquc
1343 5414 1447 5461 nominc
1464 5413 1584 5461 coheredi
1604 5415 1711 5474 quisque
1732 5428 1780 5461 suo
1791 5410 2060 5472 condemnandusest,

1222 5484 1290 5540 quod
1300 5482 1372 5528 solus
1383 5481 1639 5529 tructushcredttarii
1650 5482 1722 5528 tundi
1732 5480 1885 5540 perceperit,
1894 5483 1938 5525 ant
1949 5491 2004 5525 rem
2013 5476 2058 5522 be·

1221 5549 1370 5605 redituriam
1382 5549 1526 5608 corruperit
1535 5554 1579 5595 aut
1591 5549 1769 5595 consumserit.
1789 5549 1861 5601 (tuse
1871 5546 1972 5604 quidem
1986 5541 2059 5589 simi·

1221 5617 1282 5677 litei·
1293 5617 1361 5663 iuter
1372 5616 1457 5675 plures
1467 5629 1577 5678 quoquc,
1590 5628 1663 5672 quain
1673 5616 1737 5662 duos
1748 5615 1887 5662 eolieredes
1898 5614 2057 5670 subsequun-

1221 5690 1271 5732 tur.
1301 5686 1323 5744 ξ.
1338 5686 1359 5729 5.
1383 5683 1478 5730 Eadem
1489 5682 1685 5745 interveniunt,
1705 5687 1730 5728 et
1742 5681 1763 5726 si
1775 5682 1903 5728 communi
1915 5677 2059 5725 diuidundo

1221 5754 1251 5801 de
1263 5752 1379 5815 pluribus
1391 5751 1465 5799 rebus
1486 5754 1569 5797 sctum
1581 5750 1669 5797 tuerit.
1699 5749 1797 5804 Quodsi
1810 5750 1840 5797 de
1853 5761 1905 5797 uua
1915 5761 1958 5813 ιιἸ
1973 5745 2058 5793 'veluti
