4328 6438
327 363 381 418 trs
646 355 732 411 usu.
761 353 914 416 xxvnl.
942 355 968 411 5.
1012 355 1070 417 DE
1105 352 1362 423 ultusultus
1399 350 1728 412 anstrannum

325 518 371 554 sss
381 508 445 560 sem,
455 498 602 560 rescripsit:
618 498 705 547 valere
716 495 1005 558 iustitutionem3quod
1015 498 1042 547 et
1053 496 1171 549 lulianus
1250 497 1293 545 Vl.
1313 496 1481 557 Ulpianus
1501 496 1567 546 titre
1582 495 1632 546 17.
1643 495 1824 550 addubitasse.
1860 498 2051 551 Sedetsicoa-

328 571 440 631 scripsit.
459 572 482 629 ς.
496 574 520 616 u.
532 570 594 615 ltem
604 567 679 612 disus
689 566 752 612 Pius
763 567 882 625 scripsit:
898 567 947 613 tlte
957 581 1027 614 usar
1037 581 1096 613 msc
1106 573 1172 623 esto,
1207 562 1302 610 ditioni
1313 563 1368 610 dies
1380 568 1450 610 esset
1460 564 1585 626 adiectus,
1596 566 1702 624 utpute:
1713 569 1738 615 ss·
1748 566 1910 628 Capitolinas
1918 569 1992 616 istra
2002 567 2053 617 stes

327 637 523 686 institutionem
533 635 636 695 valere,
658 634 720 679 lieet
737 634 836 680 deesset
845 634 930 681 locres.
970 636 1028 694 hi.
1050 634 1172 680 ldemlu-
1207 631 1316 691 triginta
1326 632 1481 694 ascenderit,
1503 631 1655 679 tantundem
1665 636 1754 692 potest
1764 634 1825 699 diei,
1847 638 1889 697 ut,
1909 635 2053 692 mnonpa·

328 707 429 753 dianus:
448 705 520 750 ilhsm
529 703 646 748 heredem
657 713 724 761 esse,
746 713 799 746 non
810 699 912 759 putavit
930 700 1032 757 valere,
1052 700 1173 758 queniam
1206 697 1290 744 ruerit
1301 696 1453 761 conditioni,
1474 698 1630 746 substitutus
1642 699 1726 759 pussit
1734 702 1848 764 admitti,
1867 701 2052 761 discreparem

329 774 430 819 deesset
439 769 553 828 aliquid,
575 767 620 813 sed
632 770 657 811 et
669 767 724 824 ipsa
735 767 840 829 valebit,
851 767 988 813 subaudita
999 769 1080 814 teies.
1207 764 1281 821 idque
1292 776 1451 821 consequens
1467 767 1508 812 est
1522 766 1671 816 sententiae
1683 766 1780 814 iuliani
1796 773 1823 817 et
1842 772 1959 817 nomae.
1993 770 2018 828 ἦ.
2031 769 2051 813 l.

376 841 413 897 ,ll.
434 836 596 883 idemtihre
606 834 645 878 11.
657 833 694 879 nst
703 833 835 879 Sabinum.
872 833 1173 895 Circaeos,quiitahe-
1208 832 1321 890 Nepotes
1332 834 1425 892 autem,
1446 834 1474 878 et
1484 832 1605 892 deinceps
1617 835 1713 898 ceteri,
1734 835 1778 892 qui
1788 836 1892 895 exlege
1902 833 2053 882 Velleisia-

329 909 404 955 redes
415 902 529 950 instituti
541 905 614 947 sunt:
636 914 671 946 es·
678 900 818 960 pertidus,
841 914 907 962 qaus
918 901 1099 960 adscripsero,
1120 912 1172 945 non
1207 898 1294 944 stituti
1304 911 1358 944 non
1369 907 1491 957 rumpunt
1504 902 1693 963 testamentum,
1715 903 1761 947 snb
1771 903 1842 949 omni
1852 901 2005 949 conditione
2016 900 2053 947 is·

328 976 403 1034 putat
421 969 559 1017 Marcellus
581 980 625 1014 eus
647 966 770 1025 heredes,
791 966 871 1012 nullis
891 966 1026 1024 adscriptis
1048 966 1171 1026 partibus,
1207 965 1282 1011 stitui
1294 968 1416 1027 possunt,
1438 966 1486 1013 etsi
1498 968 1651 1026 redigantur
1661 969 1693 1014 ad
1704 968 1754 1016 dlii
1771 969 1958 1017 conditionem.
1994 969 2052 1028 μ.

330 1037 539 1099 quemadmodum
551 1034 573 1079 si
584 1034 621 1079 ita
631 1036 718 1079 essent
728 1033 835 1079 heredes
847 1033 976 1079 instituti:
997 1034 1066 1079 sicis
1080 1039 1174 1091 partes
1207 1032 1325 1077 Solemus
1336 1033 1436 1093 dicere,
1458 1035 1733 1094 mediatempnranou
1748 1048 1858 1095 nocere;
1878 1038 1973 1095 utputa
1992 1034 2053 1089 cisia

330 1107 504 1163 adscripsero.
541 1101 592 1147 Sed
602 1101 744 1160 magis-est,
756 1104 784 1144 ut
795 1100 833 1145 sic
843 1105 951 1159 utraque
962 1099 1095 1145 institutio
1106 1098 1172 1144 acci·
1208 1099 1334 1143 Romanus
1344 1099 1418 1144 heres
1429 1101 1555 1163 scriptus,
1577 1101 1638 1151 riso
1651 1104 1776 1149 testatore
1793 1103 1877 1151 iactus
1893 1100 2054 1163 peregrinus,

329 1171 454 1233 piatur,si
466 1168 586 1213 voluntas
598 1167 713 1212 defuncti
721 1179 774 1212 nan
785 1168 980 1226 refragatur,ex
991 1167 1082 1223 quibus
1092 1165 1172 1224 parti·
1208 1177 1267 1211 mox
1280 1165 1312 1211 ad
1323 1166 1453 1211 civitatens
1464 1168 1602 1214 Romanam
1613 1169 1748 1228 pervenit,
1768 1169 1853 1217 media
1869 1173 1990 1229 tempora
2004 1181 2053 1215 saca

329 1242 377 1287 bns
387 1237 563 1294 adscripser03
575 1234 597 1279 si
608 1233 701 1293 minus,
713 1247 746 1278 ex
757 1234 855 1295 aequis,
863 1233 935 1291 quasi
946 1232 1041 1291 duplici
1053 1234 1121 1279 lacta
1132 1231 1173 1276 in·
1208 1235 1311 1277 nocent.
1331 1234 1427 1278 Servus
1439 1233 1550 1296 alienus,
1562 1237 1609 1283 sub
1622 1235 1774 1282 conditione
1783 1237 1859 1285 heres
1870 1235 1994 1296 scriptus,
2005 1238 2053 1282 tra-

329 1305 475 1354 stitutione.
511 1301 593 1353 Quam
610 1299 767 1345 senteutiam
778 1299 868 1345 Celsus
888 1300 956 1346 libro
978 1299 1076 1345 decimo
1096 1303 1173 1344 sento
1207 1298 1414 1345 ditusestservo
1431 1299 1602 1365 hereditario,
1622 1315 1685 1351 mox
1702 1309 1838 1362 usucaptus
1858 1304 1890 1351 ab
1912 1305 2054 1360 esitantem

329 1374 494 1432 Digestorum
504 1367 609 1425 probat,
621 1365 698 1412 aliter
709 1369 783 1423 atque
795 1368 886 1423 prohat
896 1367 924 1411 in
935 1366 983 1412 ills
992 1364 1173 1412 institutione:
1208 1378 1262 1411 nen
1274 1370 1314 1411 est
1326 1366 1419 1412 vitiata
1429 1366 1570 1414 institutio.
1602 1369 1626 1427 h.
1639 1371 1662 1416 3.
1675 1368 1704 1417 Si
1713 1381 1817 1419 sessum
1827 1382 1993 1419 communem
2001 1383 2055 1418 cusa

330 1454 365 1488 es
376 1451 428 1500 qna
440 1442 520 1494 parte
530 1447 568 1479 nse
581 1433 664 1478 Titine
674 1433 791 1477 heredem
802 1434 917 1492 scripsit,
930 1433 1004 1479 Seius
1014 1431 1089 1479 heres
1100 1439 1174 1491 esto,·
1209 1432 1329 1478 libertate
1339 1432 1458 1479 dominus
1468 1434 1586 1481 heredem
1598 1436 1737 1498 scripserit,
1749 1438 1775 1482 et
1785 1451 1843 1484 eum
1853 1436 2005 1499 redemerit,
2013 1450 2054 1483 ne-

329 1514 391 1554 tunc
402 1503 478 1559 enim,
491 1501 512 1546 si
524 1512 577 1545 non
590 1504 629 1544 est
640 1512 656 1543 a
666 1499 736 1544 Titio
748 1500 866 1559 scriptus,
878 1512 926 1545 nec
935 1500 1010 1545 Seius
1021 1498 1052 1544 ab
1064 1512 1109 1557 eo;
1128 1512 1174 1544 nee
1208 1499 1333 1545 cessariua
1345 1499 1477 1547 efficietur.
1514 1500 1564 1547 Sed
1575 1502 1597 1546 si
1608 1502 1760 1550 substitutus
1772 1503 1806 1549 ait
1816 1503 1953 1565 impuberi,
1962 1507 1989 1550 et
2000 1516 2054 1562 pat·

330 1571 473 1624 immerite,
490 1567 531 1613 hic
542 1565 609 1612 cuim
621 1565 734 1611 ereditur
744 1565 829 1611 inesse
841 1565 965 1612 conditio.
1002 1565 1054 1610 Sed
1064 1565 1173 1611 lllsreel-
1208 1570 1259 1610 tem
1270 1565 1408 1612 redemerit
1419 1566 1544 1626 impubes,
1556 1569 1718 1616 necessarius
1729 1582 1783 1615 non
1794 1570 1931 1632 emeretur,
1938 1575 1968 1616 ut
1977 1570 2054 1617 lulis·

330 1633 642 1690 lushnecsimiliaputat.
678 1632 1174 1694 h.l.I'otestnutemintcresse,utrum
1208 1645 1254 1677 nus
1266 1632 1362 1678 scribit.
1399 1635 1458 1693 §.h
1480 1634 1969 1699 Sedsisitcumlibertateinstitutua,
1989 1636 2054 1684 anei

329 1708 368 1753 itu
379 1704 435 1761 quis
445 1701 551 1746 scribat:
565 1712 599 1744 er
608 1698 649 1744 his
656 1700 788 1759 partibus,
801 1713 866 1759 puers
877 1700 1016 1760 adscripsi,
1028 1712 1061 1743 an
1071 1699 1173 1744 adseri·
1207 1698 1336 1745 libertatis
1347 1699 1418 1745 datio
1429 1701 1557 1747 codicillis
1568 1702 1646 1749 adimi
1651 1703 1753 1763 possiti
1763 1705 1830 1763 apud
1837 1703 1972 1751 lulianum
1978 1716 2054 1763 quae·

326 1764 778 1834 psero,utsnperiorcmododicas,
807 1764 886 1811 nullis
911 1765 1046 1823 adscriptis
1059 1766 1174 1823 partibus
1207 1765 1281 1813 ritur.
1318 1765 1351 1811 lit
1362 1767 1488 1824 putatzin
1500 1781 1557 1814 enm
1568 1782 1662 1830 casum,
1674 1783 1724 1827 quo
1736 1771 1899 1819 necessarius
1911 1770 1997 1831 heret,
2012 1770 2054 1816 ad-

330 1838 429 1885 nullum
438 1848 495 1882 esse
506 1831 711 1890 institutionem,
731 1832 857 1888 quomodo
871 1830 898 1877 in
909 1832 957 1877 illo
968 1832 1120 1878 lilarcellns:
1140 1847 1174 1879 es
1206 1833 1344 1879 emtionem
1356 1845 1408 1879 non
1421 1833 1522 1895 talne,
1534 1849 1567 1882 ne
1577 1849 1593 1883 a
1602 1838 1741 1897 semetipso
1752 1837 1776 1884 ei
1787 1838 1917 1884 adimatur
1928 1837 2053 1895 libertas3
2114 1848 2119 1859 ⁸

329 1906 369 1952 hie
378 1904 509 1963 pertibus,
522 1913 563 1945 es·
573 1900 662 1958 pacibus
674 1902 828 1944 testamento
838 1900 931 1944 rrsntris
942 1900 1036 1957 scripti
1050 1901 1174 1962 fuissent,
1207 1912 1296 1946 servus
1307 1901 1375 1946 enim
1386 1901 1459 1949 heres
1470 1902 1608 1949 institutus
1617 1918 1632 1949 s
1641 1905 1779 1963 semetipso
1790 1905 1940 1952 libertatem
1951 1904 2051 1962 accipit.

329 1971 436 2018 heredes
446 1974 534 2029 sescla,
553 1964 576 2010 si
587 1964 712 2011 intestata
721 1967 803 2012 mater
814 1964 964 2027 decesserit,
987 1966 1034 2012 hos
1050 1978 1104 2011 non
1117 1978 1173 2012 esse
1207 1966 1280 2019 Quae
1292 1968 1507 2015 sententiahahet
1518 1969 1660 2030 rationemp
1680 1984 1739 2019 nam
1748 1971 1825 2018 sicuti
1835 1970 1922 2030 legari
1932 1970 1985 2016 sibi
2003 1983 2053 2017 uua

330 2038 478 2086 institutos.
1132 2056 1134 2061 ⁴
1207 2033 1574 2094 potest,itaneessesdtmi.

382 2105 427 2149 lll.
447 2104 464 2149 1
468 2103 532 2147 dens
551 2101 618 2147 dibre
636 2099 691 2145 111.
702 2100 737 2146 ad
748 2099 877 2147 Sabinum.
913 2100 1009 2146 Servus
1021 2099 1120 2146 alienus
1132 2100 1174 2145 uel
1255 2100 1488 2150 villariense
1508 2104 1575 2149 libro
1595 2102 1682 2150 XXX.
1704 2104 1876 2165 Digestorum
1915 2102 1946 2150 Si
1965 2116 2052 2152 servus

329 2174 400 2221 totus
412 2170 453 2217 vel
466 2181 512 2227 pro
523 2172 595 2227 parte
608 2167 664 2213 sine
676 2166 795 2213 libertate
806 2168 879 2214 ireres
891 2167 996 2213 institui
1008 2170 1101 2225 potest.
1114 2168 1137 2225 ς.
1150 2167 1172 2211 1.
1207 2168 1359 2223 communis,
1380 2169 1426 2214 sub
1438 2169 1587 2217 corrditiuue
1599 2171 1672 2217 ireres
1683 2171 1829 2233 institutus,
1852 2170 1915 2217 riso
1926 2173 2052 2217 testatore

329 2240 356 2287 Si
368 2250 469 2284 serrum
480 2248 563 2281 srretrm
574 2248 637 2291 pure
647 2233 766 2279 heredem
776 2234 914 2296 scripsero,
922 2236 968 2279 sub
979 2233 1129 2279 conditione
1140 2233 1172 2278 li·
1206 2233 1351 2292 libertatem
1361 2238 1515 2281 consecutus
1525 2236 1570 2297 sit,
1581 2237 1658 2284 etiam
1669 2239 1797 2295 pendente
1808 2226 1961 2283 eonditio'ne
1972 2240 2047 2283 testa·

329 2308 426 2363 berum,
448 2303 567 2349 dlltertnr
579 2298 710 2344 institutio
723 2300 749 2343 in
762 2300 786 2344 id
799 2304 911 2360 tempus,
934 2313 982 2359 quo
994 2300 1101 2347 libertas
1113 2301 1173 2346 data
1206 2301 1349 2348 suentariac
1360 2300 1489 2349 libertatis
1509 2304 1580 2350 adire
1596 2304 1766 2351 hereditatem
1781 2307 1877 2363 potest.
1910 2304 1934 2363 ς.
1948 2305 1971 2350 l.
1990 2305 2052 2351 ltem

329 2377 376 2421 est.
412 2373 435 2428 h.
449 2373 472 2415 2.
485 2368 511 2413 Si
524 2366 580 2425 quis
591 2368 628 2411 itu
641 2365 787 2423 scripserit:
809 2369 925 2413 sil'its'ns
935 2367 1009 2412 heres
1020 2366 1172 2428 erit,Seias
1206 2369 1449 2415 sivetestatorestm
1458 2369 2051 2433 alienaverit,slveheres,pustmurtemtesta·

327 2441 402 2487 heres
413 2442 475 2493 esto,
491 2435 574 2479 lilius
583 2432 659 2478 heres
670 2439 737 2491 esto,
749 2433 822 2489 quasi
835 2433 938 2491 quaevis
952 2432 1067 2479 conditio
1079 2447 1172 2493 exspe-
1207 2435 1272 2481 toris
1284 2436 1353 2482 iussu
1366 2435 1463 2481 demini
1476 2436 1642 2485 hereditatem
1654 2437 1742 2484 adibit.

327 2510 411 2554 cietur
422 2501 486 2547 'l'itii
498 2499 589 2558 aditio,
603 2503 629 2544 ut
641 2499 913 2558 Seiuslrerestiu13et
924 2513 985 2547 sane
997 2504 1022 2546 et
1033 2501 1135 2546 luliano
1147 2504 1172 2547 ct
1211 2516 1214 2523 ’
1252 2503 1321 2548 Vlll.
1342 2501 1427 2548 Idem
1445 2504 1510 2549 libro
1522 2504 1561 2549 11.
1573 2505 1610 2551 nd
1620 2503 1879 2551 UrseiumFeroceas.
1916 2501 2052 2551 Duosaeii

328 2568 491 2629 Tertyllinno
504 2567 551 2611 hoc
563 2566 673 2611 ridetur.
709 2566 732 2622 h.
745 2567 768 2611 3.
791 2566 839 2618 tlui
851 2566 1072 2614 fideicommissum
1092 2568 1171 2613 liber-
1205 2571 1441 2626 quendamscrruru
1453 2582 1610 2617 communem
1627 2575 1784 2618 testamento
1802 2571 1870 2616 iaetu
1887 2569 2014 2618 heredem
2028 2574 2051 2617 et

327 2642 407 2685 tatem
418 2635 463 2680 sub
475 2633 624 2679 conditione
635 2628 741 2692 accipit,
753 2635 839 2690 potest
850 2633 881 2678 ab
892 2633 986 2680 herede
996 2648 1060 2693 pure
1071 2647 1125 2680 cuns
1137 2633 1171 2679 li·
1205 2635 1314 2683 liberum
1334 2647 1391 2682 esse
1411 2635 1554 2694 iusseraat;
1577 2638 1654 2683 ruina
1674 2637 1750 2683 sinsul
1769 2636 1885 2695 oppressi
1904 2636 2050 2696 perierant.

327 2706 427 2753 hertate
437 2703 510 2747 heres
522 2697 635 2757 institui,
646 2701 672 2742 et
683 2711 736 2744 nou
747 2701 896 2759 exspectata
907 2701 1056 2748 currrlitioue
1067 2700 1171 2748 liberta·
1205 2696 1325 2761 Plerique
1334 2703 1539 2760 responderunt:
1559 2704 1608 2751 hoc
1618 2716 1676 2749 casu
1688 2703 1786 2751 duobus
1796 2703 1916 2749 cecinam
1928 2703 2053 2751 heredem

328 2777 378 2820 tens
390 2774 415 2816 et
426 2766 593 2814 hereditatem
606 2764 814 2826 consequitur,et
824 2766 875 2812 erit
885 2766 990 2814 interim
1001 2768 1171 2828 necessarius,
1206 2770 1347 2828 exsistere,
1368 2773 1395 2815 et
1406 2769 1480 2816 idest
1491 2770 1588 2816 verius.
1625 2772 1648 2829 ς.
1664 2773 1684 2816 l.
1697 2772 1748 2818 Sed
1758 2775 1785 2817 et
1795 2770 1819 2816 si
1829 2772 1877 2816 sub
1888 2768 1980 2817 eadem
1992 2783 2052 2817 ecs·

327 2845 354 2886 et
365 2836 508 2885 assistente
520 2830 670 2878 conditione
681 2830 841 2879 voluntarius
852 2833 926 2881 heres
937 2834 1130 2894 efficietur,non
1143 2837 1172 2879 ut
1205 2836 1306 2882 ditione
1317 2848 1420 2882 aarum
1433 2850 1594 2883 communem
1611 2842 1719 2893 uterque
1738 2837 1825 2886 socias
1845 2837 1960 2883 liberum
1979 2837 2052 2884 here·

327 2904 429 2959 desinat
439 2903 515 2948 heres
527 2912 596 2959 esse,
620 2898 665 2944 sed
673 2901 703 2942 ut
713 2898 753 2944 ius
769 2899 797 2944 in
815 2912 846 2944 eo
860 2904 974 2948 mutetur
990 2901 1170 2948 successionis.
1206 2904 1311 2959 demque
1320 2915 1377 2950 csse
1388 2903 1516 2965 iussisset,
1527 2916 1606 2960 enque
1618 2902 1772 2965 exstitisset,
1784 2904 1852 2951 idem
1864 2902 1933 2949 iuris
1946 2904 2007 2950 erit.

327 2971 534 3033 §.adperturae
545 2964 687 3011 tabularum
699 2964 789 3012 dilatio
801 2966 942 3013 necessarii
953 2968 1056 3014 heredis
1067 2968 1107 3014 ius
1119 2982 1172 3014 non
1254 2969 1299 3014 lx.
1323 2970 1667 3029 Hlps‘nrsrsslibrol'.ad
1676 2971 1807 3017 Sabinum.
1837 2969 1950 3022 Quoties
1962 2970 2052 3016 soleas

325 3041 426 3098 mutat,
446 3038 475 3080 ut
486 3033 598 3079 solemus
612 3031 640 3075 in
651 3031 793 3078 substituto
805 3032 931 3091 impuberi
941 3033 1040 3093 dicere;
1062 3048 1121 3081 nam
1132 3038 1171 3101 est
1204 3034 1284 3081 alium
1294 3035 1414 3083 heredem
1424 3036 1537 3083 scribere
1548 3036 1628 3083 alium
1637 3036 1787 3095 scripserit,
1808 3036 1835 3082 in
1847 3047 1961 3093 corpore
1970 3035 2052 3083 homi·

325 3105 445 3161 relatum,
458 3100 480 3146 si
491 3113 518 3146 se
530 3097 702 3156 arrogandum
712 3100 811 3145 dederit
822 3099 978 3161 substitutus
988 3102 1116 3160 impuberi
1126 3103 1171 3149 de·
1205 3101 1246 3147 nia
1259 3116 1359 3157 emens,
1370 3103 1451 3150 ueluti
1461 3104 1541 3150 irater
1551 3116 1631 3165 meus,
1639 3109 1764 3163 patronus
1775 3116 1855 3161 meus,
1864 3100 1960 3165 piacet,
1970 3116 2053 3160 neque

328 3172 418 3218 iuncto
430 3169 510 3227 lilius,
522 3164 694 3213 necessarium
707 3178 763 3211 eum
775 3167 838 3213 lure.
1205 3183 1261 3216 eum
1271 3168 1391 3216 heredem
1403 3183 1469 3230 esse,
1479 3170 1521 3231 qui
1533 3170 1643 3229 scriptus
1655 3176 1707 3235 est,
1729 3170 1849 3230 queniam
1860 3168 2000 3216 voluntate
2010 3170 2051 3216 de-

375 3237 418 3283 lll.
435 3236 450 3281 1
454 3236 521 3282 dens
532 3234 599 3279 libre
611 3233 628 3278 1
630 3230 657 3276 V.
666 3231 702 3277 nd
708 3232 838 3278 Sabinum.
850 3232 918 3280 Suus
930 3247 1029 3293 quoque
1040 3233 1113 3282 berea
1126 3236 1171 3283 sub
1205 3235 1302 3299 licitur,
1313 3250 1396 3294 neque
1407 3251 1472 3299 eum,
1483 3251 1556 3297 quem
1568 3239 1658 3301 soluit,
1681 3238 1801 3296 quostiam
1812 3236 1926 3293 scriptus
1938 3251 1994 3285 uon
2005 3244 2051 3283 est.

327 3303 478 3352 conditione
487 3303 563 3348 heres
573 3300 659 3359 potest
671 3298 783 3345 institui.
802 3299 851 3345 Sed
862 3300 1030 3359 excipiendus
1041 3306 1081 3347 est
1091 3302 1170 3367 tilius,
1206 3307 1228 3364 ς.
1243 3306 1264 3350 l.
1277 3304 1312 3350 Et
1320 3301 1340 3346 si
1348 3303 1375 3346 in
1384 3316 1413 3349 rc
1423 3304 1624 3366 quiserraserit,
1633 3305 1785 3363 utputadum
1795 3303 1852 3350 uult
1863 3300 1965 3350 lancem
1975 3306 2054 3353 relin-

326 3371 449 3429 quianon
459 3369 506 3415 suh
517 3368 586 3413 omni
598 3365 749 3413 conditione
764 3365 869 3411 institui
885 3371 979 3425 potest.
1014 3368 1049 3414 Et
1070 3368 1171 3428 quidem
1207 3383 1293 3433 quere,
1304 3373 1400 3417 restem
1411 3372 1489 3432 leget,
1500 3376 1620 3419 neutrum
1632 3373 1741 3421 debebit.
1777 3372 2054 3432 llnc,sis·espsescri·

325 3438 372 3483 sub
384 3451 414 3485 ea
425 3434 669 3495 conditione,quae
680 3438 719 3480 est
731 3433 759 3479 in
770 3436 898 3491 potestate
908 3433 999 3496 ipsius,
1019 3437 1120 3497 potest;
1140 3437 1171 3483 de
1206 3437 1266 3499 psit,
1277 3438 1333 3483 sive
1344 3438 1505 3484 scribendum
1517 3438 1663 3485 dictaverit.
1688 3443 1711 3501 d.
1723 3443 1747 3487 2
1759 3439 1809 3486 Sed
1820 3438 1842 3484 si
1853 3439 1949 3485 nonin
1960 3453 2056 3498 curpe-

327 3505 376 3548 hoc
386 3504 453 3549 enim
466 3502 535 3548 inter
546 3512 635 3546 onrnea
645 3504 761 3557 constat,
785 3501 829 3547 scd
841 3504 926 3548 utrum
937 3502 975 3547 ita
985 3501 1086 3550 demum
1096 3504 1171 3549 insti-
1204 3518 1234 3550 re
1245 3504 1350 3565 errarit,
1362 3504 1407 3551 sed
1418 3504 1446 3549 in
1457 3508 1537 3563 parte,
1555 3512 1616 3564 puta
1627 3505 1659 3569 si,
1679 3520 1755 3564 quum
1765 3506 1889 3552 dictasset
1900 3520 1936 3554 ex
1947 3508 2054 3555 seruisse

327 3569 393 3614 tutin
405 3569 523 3615 ellectum
534 3566 640 3625 habent,
661 3567 683 3613 si
696 3567 808 3625 paruerit
819 3567 978 3631 conditioni,
1000 3583 1034 3615 an
1044 3574 1071 3616 et
1083 3571 1105 3617 si
1116 3583 1169 3617 noa
1204 3570 1315 3627 aliquem
1326 3569 1413 3633 scribi,
1424 3584 1457 3617 es
1467 3572 1610 3630 quadrante
1619 3573 1653 3618 sit
1664 3573 1782 3634 scriptus,
1802 3573 1895 3620 Celsus
1906 3571 1977 3621 libro
1989 3574 2053 3620 dne·

316 3635 453 3699 paruerit,
465 3638 491 3680 et
503 3633 662 3681 decesseriti
673 3634 789 3682 lulianus
801 3637 882 3695 putot,
893 3635 975 3683 lilium
985 3639 1031 3685 sub
1042 3638 1167 3685 eiusmodi
1205 3636 1303 3685 decimo
1314 3636 1511 3700 Quaestionum,
1522 3638 1686 3698 Digestorum
1697 3639 1928 3703 undecimu,poase
1940 3640 2056 3698 defendi,

327 3699 478 3747 conditione
490 3699 654 3754 institutum,
674 3701 751 3748 etiam
763 3702 785 3747 si
805 3701 951 3749 conditioni
971 3716 1024 3750 non
1043 3705 1169 3767 paruerit,
1204 3704 1256 3764 ait,
1276 3717 1309 3752 ex
1320 3704 1426 3752 semisse
1435 3704 1554 3752 heredem
1565 3707 1636 3768 lore,
1657 3707 1728 3765 quasi
1740 3706 1798 3765 plus
1813 3711 1997 3765 nuncupatum
2014 3708 2056 3756 sits

328 3770 479 3814 summotum
491 3778 555 3828 esse,
568 3769 594 3812 et
605 3765 664 3813 ideo
675 3768 697 3814 si
709 3769 861 3816 coheredem
871 3768 964 3817 habeat
973 3770 1012 3816 lta
1020 3769 1169 3829 institutus,
1205 3771 1289 3817 minus
1299 3772 1432 3830 scriptum.
1454 3772 1526 3825 Quae
1537 3773 1668 3820 sententia
1678 3773 1812 3831 rescriptis
1822 3773 1965 3820 adiuratus
1974 3788 2052 3833 gene-

326 3847 381 3882 ncn
390 3834 483 3880 debere
494 3846 551 3879 eum
562 3837 722 3895 exspectare,
743 3836 824 3882 donec
835 3835 980 3882 conditioni
992 3840 1081 3894 percat
1092 3838 1170 3900 fliius,
1204 3837 1309 3885 ratibus.
1321 3840 1439 3894 Idemque
1450 3843 1497 3900 est,
1505 3844 1531 3885 ct
1541 3839 1564 3884 si
1575 3839 1631 3898 ipse
1642 3843 1753 3887 testator
1763 3839 1849 3885 minus
1859 3840 1971 3896 scribat,
1978 3854 2055 3899 quasa

326 3913 419 3962 quum,
438 3899 485 3945 etsi
497 3903 594 3956 patrem
606 3900 756 3947 intestatum
769 3903 865 3948 laceret
876 3914 934 3948 non
950 3901 1065 3960 parendo
1081 3905 1170 3952 condi·
1203 3904 1261 3963 plus
1275 3905 1354 3953 uellet
1364 3905 1516 3953 adscribere.
1545 3907 1569 3965 ς.
1581 3908 1605 3953 s.
1617 3905 1668 3953 Sed
1677 3907 1700 3952 si
1711 3906 1834 3953 maiorem
1844 3912 1946 3965 partem
1958 3906 2056 3954 adseri-

327 3965 409 4029 tioni,
430 3964 522 4024 procul
538 3964 616 4010 dubie
635 3964 914 4026 exspectare‘deheret.
945 3971 1018 4025 Quae
1040 3972 1171 4018 sententia
1203 3970 1284 4029 pserit
1294 3972 1518 4033 testamentarius,
1539 3973 1670 4031 vel(quud
1682 3973 1812 4020 difficilius
1824 3976 1866 4020 est
1884 3972 2054 4033 probatione)

325 4032 467 4094 probabilis
477 4030 540 4078 mihi
557 4031 675 4095 videtur,
694 4037 724 4080 ut
741 4035 787 4079 sub
808 4048 839 4080 ca
857 4034 1007 4083 conditione
1027 4035 1171 4102 institutus,
1204 4037 1259 4095 ipse
1267 4042 1384 4099 testator,
1395 4043 1423 4084 ut
1433 4052 1479 4097 pro
1491 4038 1633 4096 quadrante
1643 4040 1783 4101 semissem,
1790 4039 1921 4087 Proculus
1929 4044 2014 4101 putat,
2021 4053 2052 4087 ea

325 4113 391 4161 quae
406 4099 435 4147 iu
452 4098 562 4147 arbitrio
579 4098 633 4145 eius
649 4101 697 4161 sit,
717 4106 817 4159 patrem
838 4101 989 4149 intestatum
1009 4116 1062 4150 non
1083 4106 1169 4152 iaciat.
1204 4105 1346 4162 quadrante
1357 4107 1414 4153 tore
1424 4104 1556 4167 heredem,
1578 4106 1696 4163 qnoniam
1708 4106 1772 4152 insit
1784 4105 1914 4164 quadrans
1924 4105 1956 4151 iss
1966 4107 2052 4153 semis:

245 4212 250 4223 ,
325 4170 349 4228 ἦ.
360 4169 381 4214 l.
393 4167 461 4213 Puto
472 4168 543 4212 recte
552 4167 708 4224 generaliter
718 4166 924 4226 definiri,utrum
935 4169 964 4215 in
973 4173 1103 4229 potestate
1115 4173 1170 4220 tue·
1204 4183 1246 4229 se,
1268 4171 1753 4231 quamsenteutiametcelsuaprobet.
1788 4173 1811 4231 d.
1824 4174 1849 4219 4.
1860 4173 1911 4221 Sed
1923 4173 1984 4220 etsi
1997 4173 2056 4231 qnia

324 4235 361 4281 rit
371 4234 495 4298 conditio,
516 4246 548 4279 an
559 4245 614 4279 non
625 4234 723 4281 tuerit!
743 4234 805 4280 tacti
816 4234 985 4294 pastinacam
1004 4242 1090 4297 potest
1100 4239 1169 4286 enim
1205 4250 1250 4296 pru
1262 4244 1363 4287 centum
1374 4239 1485 4286 ducents
1495 4253 1541 4298 per
1551 4244 1639 4287 notam
1651 4240 1813 4300 scripsisset,
1835 4239 1902 4287 idem
1915 4239 1985 4287 iuris
2000 4244 2054 4297 est3

324 4306 351 4350 et
361 4302 438 4349 haec:
458 4303 482 4349 si
490 4299 678 4347 Alexandrinus
692 4304 855 4364 pervenerit,
877 4316 930 4350 non
941 4316 998 4351 esse
1014 4305 1042 4351 in
1058 4306 1169 4353 arbitrio
1204 4319 1262 4352 nem
1273 4309 1300 4353 et
1311 4306 1346 4354 ibi
1358 4309 1493 4365 utrumque
1503 4307 1625 4366 seriptum
1636 4310 1685 4370 est,
1708 4310 1735 4354 et
1744 4305 1811 4364 quod
1824 4306 1925 4368 voluit,
1948 4311 1975 4355 et
1986 4307 2053 4365 quod

324 4383 370 4429 per
380 4367 470 4415 hiemis
481 4366 670 4426 conditionem
691 4370 778 4426 potest
788 4371 814 4415 et
825 4382 891 4430 esse,
911 4371 934 4418 si
945 4370 969 4418 ei
977 4402 986 4428 ,
1006 4373 1050 4429 qui
1061 4386 1077 4419 a
1087 4373 1168 4431 primu
1204 4367 1331 4419 adiectum
1342 4376 1397 4431 est3
1418 4384 1483 4429 quae
1493 4373 1624 4420 sententia
1641 4387 1695 4420 nea
1711 4378 1751 4420 est
1767 4372 1825 4419 sine
1841 4374 1956 4437 ratione.
1994 4375 2017 4433 §-
2032 4376 2054 4421 5.

324 4434 449 4482 milliaris
461 4433 635 4482 Alexandriae
651 4438 728 4494 agat,
749 4434 783 4480 sit
798 4436 932 4496 imposita;
953 4442 1040 4497 potest
1051 4442 1078 4486 et
1096 4440 1169 4488 haec:
1204 4439 1365 4485 Tantundem
1374 4440 1514 4485 Marcellus
1526 4444 1619 4487 tractat
1630 4442 1656 4487 et
1667 4440 1696 4486 iu
1707 4454 1752 4500 eo,
1764 4441 1808 4496 qui
1819 4440 2001 4489 conditionem
2012 4438 2052 4487 de·

324 4504 348 4550 si
357 4505 441 4549 decens
455 4502 524 4547 Titia
535 4503 642 4562 dederat,
653 4515 709 4549 esse
720 4503 747 4549 iu
760 4501 868 4564 difficili,
888 4503 912 4549 si
921 4504 1007 4551 Titius
1018 4507 1169 4566 peressrine-
1204 4505 1305 4551 stinaus
1316 4505 1433 4555 inserere
1444 4519 1497 4552 non
1508 4508 1620 4566 eddidit3
1639 4521 1696 4553 nam
1707 4510 1732 4552 et
1743 4506 1808 4553 hune
1817 4520 1865 4564 pru
1878 4520 1934 4555 uua
1947 4507 2053 4555 institu-

324 4567 642 4628 turlonpinquaitinere3
663 4572 846 4631 propterquae
862 4570 894 4617 ad
909 4573 1056 4629 generalem
1075 4573 1168 4631 defini·
1205 4575 1324 4631 toputat.
1352 4573 1402 4619 Sed
1413 4575 1438 4619 et
1449 4573 1471 4617 si
1482 4574 1658 4620 conditionem
1669 4573 1778 4635 addidit,
1790 4574 1849 4621 dum
1860 4575 1958 4637 nollet,
1968 4575 2054 4620 detra·

326 4636 425 4682 tionem
436 4634 617 4682 recurrendum
627 4639 674 4682 est.
685 4639 708 4696 h
718 4641 741 4683 2.
754 4636 804 4683 Sed
817 4640 844 4683 et
854 4635 876 4682 si.
885 4637 941 4687 iilic
953 4644 999 4686 sub
1011 4640 1169 4701 conditione,
1204 4642 1244 4683 cta
1254 4653 1284 4685 eu
1294 4639 1414 4686 heredem
1425 4641 1549 4702 luturum,
1559 4654 1607 4687 nec
1617 4642 1795 4698 nuncupatum
1806 4640 1899 4703 sideri,
1910 4642 1981 4698 quod
1991 4655 2055 4687 eon-

326 4701 428 4757 quaein
440 4701 495 4747 eius
505 4705 634 4761 potestate
646 4708 694 4765 est,
712 4702 806 4750 herede
816 4704 949 4767 instituto,
967 4720 1048 4765 nepos
1067 4700 1100 4753 sit
1111 4708 1169 4753 sub·
1204 4705 1545 4766 travoluutstemscriptunr
1556 4713 1604 4754 est.
1640 4706 1720 4761 Quam
1737 4702 1894 4755 sententiam
1909 4708 2011 4767 etipse
2027 4713 2056 4754 et

326 4765 433 4812 stitutus
444 4767 499 4814 sire
510 4773 659 4830 extraneus,
680 4773 744 4830 putu
755 4770 816 4815 riso
826 4770 882 4817 filio
894 4784 948 4817 nen
958 4772 1114 4819 exstiturum
1124 4775 1169 4821 be·
1206 4785 1252 4817 rsus
1263 4772 1407 4830 probamus.
1427 4776 1450 4834 d.
1464 4778 1486 4820 s.
1498 4774 1569 4820 ldcm
1581 4777 1682 4829 tractet,
1694 4776 1720 4819 et
1731 4774 1753 4820 si
1765 4775 1977 4822 testamentarius
1990 4787 2050 4820 enn-

327 4830 412 4877 redem
423 4833 599 4890 substitutum,
609 4838 669 4894 post
681 4840 787 4883 mortem
799 4849 861 4883 vero
872 4838 1044 4899 exstiturum,
1065 4852 1114 4886 nec
1124 4854 1170 4886 ne·
1205 4844 1244 4885 tra
1256 4841 1414 4887 reluntntesn
1427 4841 1560 4887 testatoris
1569 4839 1746 4888 conditionem
1757 4839 1873 4887 detraxit
1885 4842 1927 4888 rel
1961 4840 2056 4903 utsrit,

326 4899 462 4943 cessarium
473 4912 489 4943 a
498 4901 637 4949 sulsstituto
650 4901 699 4948 tilii
711 4903 947 4964 exheredationem,
958 4918 1041 4965 quum,
1053 4907 1103 4952 etsi
1114 4908 1168 4954 lue·
1205 4908 1322 4954 heredem
1334 4920 1386 4953 non
1397 4909 1525 4967 intusum,
1545 4910 1588 4955 sed
1609 4921 1656 4966 pru
1678 4921 1731 4954 srcss
1751 4907 1875 4954 instituto
1896 4908 1931 4954 ha
1965 4908 2052 4954 ndum.

327 4960 363 5007 rit
374 4962 450 5023 iacta,
460 4965 555 5012 trustra
566 4966 616 5025 sit,
630 4973 688 5025 post
701 4973 809 5030 mprtem
820 4970 889 5016 enim
899 4971 947 5017 lilii
959 4972 1025 5018 inccta
1034 4977 1083 5035 est,
1095 4987 1168 5033 quam
1204 4975 1227 5032 h.
1239 4975 1263 5019 i.
1285 4975 1335 5020 Sed
1346 4975 1382 5036 si,
1402 4989 1477 5034 quum
1487 4974 1595 5034 primunr
1606 4975 1726 5022 heredem
1736 4988 1769 5022 ex
1781 4977 1855 5033 parte
1866 4974 1977 5022 dimidia
1987 4973 2055 5022 sesi-

328 5026 447 5103 inutilem
458 5042 512 5077 esse
523 5032 588 5078 alins
599 5035 765 5082 ostendimus.
801 5034 943 5096 tlpinamur
962 5038 1058 5103 igitur,
1078 5038 1169 5101 filium,
1205 5041 1264 5086 bere
1276 5041 1443 5103 destinasset,
1464 5042 1571 5100 primum
1586 5048 1611 5088 et
1622 5041 1759 5088 secundum
1771 5040 1891 5099 scripsit,
1913 5041 1989 5088 solus
1999 5040 2055 5101 pri·

327 5094 349 5140 si
361 5094 397 5139 sit
408 5094 538 5170 institutus
548 5101 594 5144 sub
605 5112 636 5144 ea
647 5102 807 5163 cossditionc,
827 5117 892 5160 quse
904 5103 938 5151 sit
949 5104 975 5150 in
987 5105 1044 5152 eius
1055 5112 1169 5165 potesta.
1205 5120 1259 5153 mus
1271 5108 1382 5167 scriptus
1392 5109 1466 5156 heres
1477 5109 1615 5165 ridebitur,
1626 5112 1652 5155 et
1663 5109 1734 5154 aolus
1747 5108 1821 5154 heres
1832 5108 1962 5169 exsistet,
1981 5106 2055 5167 quasi

327 5160 1090 5234 te,nonnsdigereesheredationeasequentibusgradibus5
1102 5175 1169 5221 sliu·
1204 5188 1236 5220 es
1249 5178 1322 5233 parte
1334 5175 1438 5221 dimidiu
1449 5176 1591 5222 institutus.
1628 5178 1652 5235 p.
1663 5178 1688 5222 8.
1709 5174 1737 5219 Sl
1755 5174 1812 5232 quis
1830 5187 1927 5221 nomen
1949 5173 2057 5222 heredia

327 5228 390 5285 (ΨΜ
402 5226 427 5271 ⁰*
439 5239 454 5270 ⁸
463 5227 588 5273 ⁰⁰¹¹⁰i0i¹⁰
600 5229 734 5289 indilichit.
1204 5241 1304 5298 quidem
1316 5243 1487 5299 condixerit,
1499 5243 1543 5290 sed
1555 5239 1719 5291 indubitabili
1730 5240 1806 5299 signe
1818 5256 1875 5289 eum
1888 5243 2055 5289 demonstra·

375 5291 405 5338 V.
423 5291 495 5349 Apud
506 5291 541 5337 In
549 5294 559 5337 1
567 5295 624 5340 ian
632 5311 677 5372 um
689 5299 754 5345 titre
766 5299 868 5348 XXIX.
881 5304 1044 5365 Digestorum
1054 5300 1168 5356 Marcel·
1205 5307 1355 5370 uerit,quod
1367 5322 1449 5369 paene
1461 5311 1527 5356 nihil
1539 5324 1555 5356 a
1563 5310 1667 5355 nornine
1677 5306 1826 5369 distat,nun
1839 5313 1925 5355 tamen
1935 5307 2055 5373 (ἥψω)

328 5360 465 5407 tusnotal:
492 5358 518 5402 Ss
532 5361 656 5405 esussnods
668 5362 701 5408 sit
712 5366 836 5430 conditio,
847 5370 1033 5429 subquatilius
1044 5375 1116 5422 heres
1127 5373 1169 5419 in·
1203 5376 1615 5436 contumeliaecuusascletaddi‚
1628 5374 1696 5420 salet
1708 5375 1850 5422 institutio.
1885 5374 1949 5434 §.th
1968 5374 2058 5423 neres

328 5426 434 5474 stitutus
445 5424 496 5485 eut,
514 5425 543 5467 ut
554 5423 644 5471 ultimo
657 5427 722 5474 ritae
733 5431 788 5477 eins
799 5436 915 5496 tempore
933 5441 1030 5486 eertum
1046 5440 1093 5503 ait,
1114 5456 1168 5488 eam
1204 5440 1317 5496 institui,
1328 5442 1379 5487 nisi
1391 5448 1420 5487 ut
1429 5448 1515 5491 certus
1525 5443 1724 5503 demonstretur,
1735 5455 1810 5489 nemo
1823 5444 1918 5502 potest.
1937 5438 2058 5503 §.lutat

328 5493 455 5541 exsistere
466 5501 518 5536 nun
530 5500 614 5566 p⁰f⁸⁰²
625 5494 651 5569 et
662 5495 788 5549 pendente
798 5513 829 5546 ea
841 5500 955 5565 decedet,
966 5503 1089 5553 intestato
1099 5509 1168 5565 patri
1202 5508 1306 5566 quisita
1317 5507 1426 5556 dixerit:
1451 5511 1517 5558 Uter
1534 5523 1568 5556 es·
1581 5509 1718 5573 fratribus
1735 5512 1798 5556 oreis
1817 5510 1886 5556 Titio
1904 5500 2057 5559 emacuit

328 5560 401 5607 heres
412 5558 471 5618 erit,
493 5555 575 5602 velun
611 5569 632 5633 m
643 5556 832 5628 ,ilernudriesns
839 5573 997 5630 peruenerit,
1019 5570 1095 5619 heres
1105 5580 1167 5620 esen.
1203 5573 1289 5621 Seium
1300 5587 1409 5620 axsress
1419 5576 1535 5633 duxerit,
1547 5575 1727 5635 exterrente,
1747 5581 1808 5622 ster
1817 5591 1868 5622 nna
1879 5576 2000 5635 detersi,
2017 5586 2060 5621 es

327 5624 425 5679 Quodsi
437 5624 514 5671 etiam
527 5633 668 5667 norsssrmo
679 5625 792 5681 tempore
803 5628 904 5687 impleri
915 5638 1016 5698 potest,
1028 5637 1124 5686 veluti:
1145 5642 1170 5687 ss·
1202 5640 1349 5701 quadrante
1359 5638 1434 5688 lieres
1445 5649 1514 5707 este,
1534 5643 1576 5689 hic
1587 5647 1656 5689 recte
1669 5643 1761 5688 iactam
1772 5634 1967 5689 instiiutionens
1984 5653 2057 5701 esse,

327 5694 412 5739 decem
425 5690 491 5737 Titio
502 5688 613 5742 diderit,
623 5687 697 5734 ltmt
707 5695 770 5744 0⁸1⁰,
780 5699 871 5742 ⁰⁰¹¹irs
882 5705 950 5749 nuto.
1202 5712 1301 5754 sertum
1310 5710 1359 5767 est,
1371 5707 1414 5753 sed
1425 5708 1482 5764 quis
1492 5723 1525 5757 ex
1536 5722 1585 5766 qua
1595 5712 1675 5772 parte,
1695 5709 1830 5755 incertum.
1867 5710 1892 5768 ἦ.
1907 5710 1949 5756 ll.
1970 5708 2055 5763 Flesse
