4354 6424
453 804 934 950 nssrusu

986 850 1458 951 lNlANl

100 1044 733 1176 uinusuonun
818 1046 998 1177 suu
1082 1016 1843 1180 pannuceauuu

569 1277 761 1364 LIBRI
816 1276 1339 1378 QUINQUAGINTA.
1759 1277 1765 1285 '

594 1556 602 1617 i
912 1557 994 1623 ua

275 1704 939 1810 ΟΟΝΟΕΡΤΙΟΝΕ
1006 1705 1633 1810 DlGESTORUlli.

826 1915 1057 1929 —-——

102 2001 331 2051 turssuarolr
357 2005 512 2056 CAESAR
544 2009 719 2060 ubavrus
752 2012 1023 2059 lUSTlNlANUS
1053 2011 1158 2074 Plus,
1189 2009 1328 2072 FELlX,
1356 2008 1570 2069 lncnt‘TtJS,
1598 2008 1744 2056 vtcrolt
1767 2009 1816 2056 Ac

158 2104 457 2154 uoluntl’flsson
483 2110 644 2158 SEMPER
669 2111 1172 2173 auousrt¹t,rnruon1ano
1198 2110 1434 2165 duruerunt
1454 2110 1528 2157 SUO
1550 2108 1748 2155 SALUTEM.

102 2233 167 2317 Deo
176 2274 283 2319 suetore
293 2277 412 2321 nostrum
423 2276 584 2335 gubernante
595 2279 727 2339 imperium
736 2313 743 2339 ,
753 2278 820 2337 quod
831 2278 906 2325 nobis
916 2293 932 2325 s

103 2337 198 2383 cselesti
209 2339 345 2387 maiestate
354 2343 477 2388 traditum
488 2348 536 2405 est,
545 2349 570 2392 et
579 2345 647 2392 bclls
655 2345 767 2394 feliciter
775 2346 930 2407 peragimus,

103 2406 126 2479 ft
135 2417 217 2461 pscem
229 2405 387 2469 decoramus,
399 2413 425 2455 ct
436 2414 532 2456 ststusn
543 2412 701 2470 reipublicae
711 2417 893 2473 sustentamus,
904 2417 930 2458 et

102 2474 135 2545 its
145 2475 245 2518 nostros
255 2474 355 2520 animos
367 2475 399 2520 scl
410 2475 451 2521 dei
473 2478 661 2535 omnipotentis
681 2478 807 2537 eripimss
826 2479 930 2526 adinto-

103 2548 174 2595 nun,
186 2543 212 2583 nt
224 2552 308 2595 neque
318 2542 398 2586 armis
409 2542 577 2605 couddsmns,
593 2544 675 2601 neque
687 2546 784 2592 nostris
794 2545 929 2605 militibus,

103 2614 176 2657 neque
189 2604 313 2652 bellorum
326 2607 448 2667 ducibus,
469 2609 511 2655 rei
523 2612 614 2656 nostro
626 2611 747 2669 ingenio,
769 2613 813 2658 sed
829 2625 929 2659 ornnem

102 2680 163 2724 spem
174 2670 204 2715 sd
215 2670 294 2717 solam
305 2673 498 2730 procidentiam
513 2678 653 2723 reseramus
664 2691 775 2724 summae
793 2677 929 2739 trinitatis,

103 2735 194 2782 undeet
205 2738 292 2784 mundi
306 2740 386 2786 totins
397 2740 527 2787 elementa
538 2748 727 2801 processerunt,
738 2750 764 2790 et
775 2757 863 2790 eorum
876 2746 929 2791 dis-

101 2801 189 2857 positio
199 2803 227 2848 in
238 2805 324 2851 orbem
337 2810 462 2853 temtum
472 2809 598 2866 products
609 2814 656 2857 est.
676 2811 698 2869 i.
714 2812 734 2856 l.
748 2810 830 2862 Quum
844 2812 929 2868 iisque

101 2867 158 2912 nibil
170 2874 220 2914 tam
231 2871 373 2919 studiosum
384 2873 412 2918 iu
422 2875 541 2921 ominibus
550 2876 626 2922 rebus
638 2877 784 2937 iincipitur,
805 2891 878 2934 qnam
890 2878 927 2924 le·

99 2946 151 2989 pum
162 2936 319 2999 suctoritss,
330 2953 393 2995 qnae
404 2944 430 2984 et
441 2940 557 3003 divinas,
576 2949 601 2989 et
613 2943 735 2989 lsumsnss
748 2957 789 2989 res
800 2944 865 2991 bene
876 2945 927 2990 dis-

98 3000 182 3062 ponit,
203 3008 229 3047 et
240 3017 339 3051 omnem
356 3005 519 3061 iniquitatem
535 3009 661 3069 expellit,
682 3010 825 3067 reperimus
842 3016 927 3058 sutem

98 3077 193 3112 omnem
204 3067 288 3126 legum
301 3072 441 3133 tramitem,
461 3073 504 3130 apri
516 3075 547 3120 ab
560 3075 623 3121 urbe
633 3076 714 3121 lionis
724 3076 830 3121 condits
840 3082 865 3123 et
876 3077 927 3129 ilo-

94 3132 188 3178 muleis
196 3133 327 3181 descendit
337 3138 501 3201 temporibus,
513 3140 549 3186 its
561 3154 618 3187 esse
629 3143 777 3199 contusum,
791 3147 818 3187 nt
829 3143 857 3189 in
868 3143 926 3188 inil-

93 3197 178 3243 uitnm
190 3202 361 3263 extendatur,
382 3206 407 3248 et
416 3204 510 3251 nuliius
520 3207 647 3254 laumasme
662 3212 772 3253 nstnrse
784 3209 927 3267 capraeitste

94 3262 275 3341 concludatur,
288 3267 394 3323 primum
404 3268 476 3315 uobis
484 3272 533 3318 luit
544 3274 657 3319 studium
668 3286 684 3320 a
694 3274 874 3321 sacratiarimis
885 3289 927 3321 rc-

17 3388 18 3391 ,
93 3332 136 3375 tro
147 3330 306 3389 principibus
316 3333 417 3383 initium
436 3348 549 3399 sumere,
570 3343 596 3385 et
615 3353 703 3386 corum
725 3342 926 3387 constitutiones

17 3400 18 3411 ¹
94 3396 236 3473 emendare,
248 3402 275 3445 ct
285 3399 343 3446 rise
353 3399 478 3450 dilucidae
489 3406 605 3469 trsdere,
617 3412 744 3463 quatenns
755 3407 782 3451 ln
793 3420 871 3453 nnum
882 3420 925 3453 co-

96 3460 171 3541 dicem
184 3470 362 3527 congregatae,
369 3470 395 3512 et
404 3469 473 3515 orani
482 3484 642 3530 snperssons
649 3473 829 3534 similitudine,
838 3479 865 3519 et
873 3474 925 3521 ini-

96 3530 214 3583 qusssims
224 3529 352 3579 discordis
359 3533 508 3599 absolutse,
528 3540 659 3586 universis
676 3539 823 3586 bominibus
840 3554 925 3598 prom-

17 3640 18 3645 ,
95 3598 161 3653 ptum
170 3608 233 3643 sose
242 3598 401 3648 sinceritstis
412 3605 553 3661 praebeant
564 3606 728 3664 prsesidium.
748 3607 771 3665 i.
783 3609 807 3652 2.
820 3608 925 3664 llocque

97 3668 369 3727 opercconsumnssto,
390 3672 416 3715 ct
436 3670 464 3716 iu
484 3683 537 3718 uno
558 3672 690 3719 volumine
710 3676 802 3719 nostro
820 3673 925 3719 nomine

96 3729 269 3788 prseiulgente
286 3734 448 3798 eosduusto,
471 3750 547 3794 quum
564 3752 596 3785 ex
614 3738 703 3797 psueis
716 3742 742 3785 et
761 3740 924 3786 tennioribus

97 3795 240 3874 relevatisd
259 3812 384 3846 summam
402 3806 428 3847 et
445 3803 620 3862 plenissimam
640 3806 704 3851 iuris
720 3807 923 3853 emendstiouem

97 3871 225 3917 pertenire
235 3878 447 3931 propersremus,
468 3874 494 3915 et
505 3885 604 3919 omnem
616 3885 748 3918 romsusm
763 3874 923 3920 sanctionem

97 3932 119 3972 et
129 3927 256 3989 colligere,
262 3937 288 3979 et
300 3933 447 3995 essendsre,
455 3942 480 3982 et
492 3942 530 3984 tot
542 3944 674 3986 auctorum
687 3939 802 3998 dispens
812 3940 923 3987 volumi-

96 4004 126 4037 ns
135 4005 184 4039 uno
195 3998 283 4044 codice
294 3999 379 4046 indita
387 4004 531 4061 ostendere,
539 4007 620 4062 (quod
631 4019 706 4052 nemo
719 4019 800 4062 neque
811 4021 923 4069 sperare,

95 4070 172 4115 neque
180 4067 271 4120 optare
282 4078 362 4112 susns
372 4067 422 4125 est)
433 4082 474 4116 res
487 4072 588 4126 quidem
603 4073 677 4119 nobis
688 4072 854 4136 diillclllims,
876 4073 924 4119 im·

17 4158 18 4165 ,
96 4138 133 4170 mo
141 4128 220 4187 magis
229 4130 401 4190 impossibilis
413 4136 556 4186 ridebatur.
592 4140 642 4186 Sed
653 4138 772 4185 manibus
782 4140 814 4186 ad
825 4140 923 4187 caelum

97 4193 220 4269 ‘'filimi“
231 4204 340 4246 setersm
351 4202 452 4251 auxilio
464 4203 656 4267 invocato,esm
667 4218 767 4263 quoque
778 4220 863 4253 curam
875 4220 923 4252 uo-

97 4260 151 4305 stns
159 4264 320 4320 reposuimus
330 4266 433 4330 animis,
441 4269 490 4316 deo
502 4272 571 4333 ireti,
580 4272 623 4329 qul
633 4278 659 4318 et
670 4286 712 4319 res
723 4272 825 4330 penitus
833 4274 924 4332 despe-

95 4328 156 4373 sstss
166 4327 262 4377 dousre
274 4336 301 4378 et
307 4346 485 4383 consummare
491 4349 553 4384 snae
564 4338 670 4385 cirtnlis
678 4339 857 4398 magnitudine
865 4344 923 4400 pot.

97 4394 137 4470 osb
166 4396 189 4453 i.
201 4399 226 4443 Ι.
237 4397 273 4442 Et
284 4398 317 4445 sd
329 4403 389 4448 tuse
399 4403 558 4451 sinceritatis
569 4406 693 4464 optimum
703 4405 864 4464 respeximus
876 4407 922 4453 ml-

95 4462 237 4540 nntcrsam‚
251 4463 350 4522 tibique
361 4469 443 4525 primo
454 4474 480 4515 et
491 4472 540 4518 boe
551 4486 615 4531 opus
627 4472 811 4535 commisimus,
823 4473 922 4532 ingenii

96 4529 129 4603 tsi
139 4528 295 4605 decrementis
306 4547 339 4579 ex
352 4536 436 4582 uostri
453 4537 550 4584 codicis
567 4539 732 4585 ordinstione
750 4541 875 4601 acceptis,
896 4544 923 4587 et

96 4604 222 4671 iussimus,
231 4609 296 4654 quos
308 4600 457 4661 probareris
468 4608 519 4649 inm
531 4619 563 4652 ex
574 4605 764 4652 iocundissimis
774 4612 923 4654 antecesso-

95 4660 172 4739 ulus,
183 4676 256 4720 quem
267 4679 302 4711 es
317 4667 381 4714 viris
392 4668 571 4718 disertissimis
582 4673 678 4731 togatis
690 4672 740 4719 lori
752 4673 923 4731 amplissimae

96 4726 163 4803 sedes,
171 4729 201 4775 sd
211 4730 362 4781 socisndum
373 4734 487 4783 laborem
498 4738 607 4796 eligere.
642 4739 687 4783 llis
699 4739 784 4797 itaque
796 4739 923 4803 collectis,

96 4795 118 4837 et
126 4806 150 4838 sn
162 4802 277 4845 nostrum
289 4800 412 4859 palstium
425 4803 592 4861 introductis,
613 4805 738 4862 nobisque
748 4810 794 4851 tuo
806 4807 923 4853 testimo·

96 4858 134 4903 aio
143 4862 251 4925 placitis,
264 4869 348 4913 totam
359 4882 414 4914 rem
424 4870 566 4917 iscieudsrn
578 4872 740 4932 permisimus
750 4888 757 4931 ς
779 4873 817 4919 its
828 4878 922 4933 tanea,

97 4930 119 4969 st
128 4927 162 4973 tsi
174 4931 369 4990 ripiisntisaimi
381 4933 460 4981 snimi
471 4937 658 4993 gubernatione
666 4953 707 4984 res
718 4939 802 4985 omnis
809 4939 922 4986 celebre-

96 4994 141 5070 ltr-
171 4998 194 5055 i.
205 5000 230 5044 i.
247 5000 370 5046 iubemus
384 5001 467 5060 igitur
483 5004 555 5050 robis
571 5005 735 5061 minaeorum
751 5005 922 5067 prudentinm,

95 5060 174 5113 psalm
182 5065 613 5116 suetoritstcssconscribendarum
621 5071 923 5130 interpretandsrumopue

96 5123 168 5182 lem
178 5133 350 5179 sacratissimi
361 5134 491 5193 principes
502 5137 683 5199 prsebnernsst,
695 5139 776 5185 libros
786 5138 817 5183 sd
829 5138 868 5183 ius
879 5151 922 5183 ro-

96 5202 184 5241 mum
195 5200 359 5255 pertinentes
370 5207 396 5245 et
409 5202 511 5259 legere,
523 5210 547 5249 ct
562 5204 682 5265 elimare,
704 5207 732 5249 ut
743 5218 775 5250 ex
787 5203 827 5249 bis
839 5205 922 5249 omnis

97 5260 192 5337 materia
201 5264 351 5325 colligstur,
362 5267 443 5317 nullm
455 5270 593 5314 seeundum
604 5270 671 5326 quod
682 5271 804 5328 possibile
815 5275 863 5331 est,
875 5284 922 5316 no-

97 5332 137 5375 llo
143 5329 330 5402 similitudine,
340 5344 422 5388 neque
432 5333 561 5381 diaeordin
571 5336 708 5399 derelicto,
726 5338 770 5383 sed
780 5350 813 5383 ex
825 5337 864 5383 isis
874 5337 923 5382 boe

97 5386 189 5468 colligi,
207 5397 277 5452 quod
290 5410 370 5444 unum
381 5412 429 5456 pro
441 5402 559 5446 omnibus
570 5403 688 5449 sufficiet.
724 5403 788 5456 Quis
801 5408 886 5450 sutem
897 5405 923 5449 el

97 5451 135 5499 sbi
143 5457 259 5508 blrosacl
271 5463 313 5509 ius
323 5465 926 5531 pertinentesscripseront,quoromscriptnroe

96 5524 189 5573 milis
198 5530 350 5578 auctoribus
360 5537 494 5594 receptae,
512 5548 558 5581 uec
569 5536 680 5582 usitatas
691 5539 764 5595 sunt,
783 5549 865 5593 neque
876 5548 923 5581 nos

97 5597 172 5636 totum
185 5596 319 5643 volumius
327 5602 444 5645 nostram
455 5599 602 5656 iuquietare
610 5602 746 5660 digssnmur
754 5603 922 5649 ssnctioncm.

97 5651 117 5724 i·
128 5656 147 5697 ⁵·
158 5656 289 5720 Quumque
301 5665 363 5713 baec
374 5666 483 5712 meletio
493 5679 590 5713 sumum
601 5669 686 5714 nostri
698 5669 812 5714 numinis
828 5669 924 5715 libers-

98 5715 162 5771 bute
173 5728 280 5779 collecta
288 5731 384 5793 luerit,
405 5738 576 5791 oportetesm
592 5735 766 5797 pulcherrimo
783 5749 861 5798 opere
878 5748 923 5783 cn·

984 2280 1099 2341 struere,
1110 2278 1136 2326 ei
1147 2278 1219 2337 qnasi
1230 2277 1362 2338 proprium
1373 2281 1400 2325 et
1410 2276 1597 2325 sanctissimum
1609 2277 1730 2336 templum
1741 2275 1818 2324 iusti-

984 2348 1036 2393 tise
1047 2359 1213 2406 consecrare,
1233 2351 1259 2392 et
1270 2347 1298 2393 in
1310 2345 1392 2391 libros
1403 2344 1601 2403 quinquaginta,
1622 2346 1648 2389 et
1659 2348 1743 2389 certos
1752 2345 1817 2389 titu-

984 2412 1505 2471 lostotumliuslcligcrere,tsmseeundum
1513 2410 1596 2456 nostri
1604 2410 1817 2457 constitutionem

983 2479 1088 2537 codicis,
1099 2492 1174 2534 quam
1185 2479 1261 2525 edicti
1273 2478 1391 2536 perpetui
1403 2478 1584 2535 imitationem,
1595 2481 1672 2535 prout
1683 2476 1732 2524 hoe
1743 2476 1816 2523 robis

983 2546 1139 2591 commodius
1150 2559 1205 2592 esse
1216 2544 1343 2605 patuerit,
1365 2547 1394 2589 ut
1404 2545 1469 2591 niul}
1482 2550 1558 2592 entra
1573 2545 1737 2590 memorstsm
1753 2556 1816 2591 con-

982 2612 1176 2658 sumnsstionem
1187 2611 1268 2670 possit
1278 2623 1336 2657 esse
1347 2611 1509 2671 derelictum,
1524 2610 1569 2656 sed
1580 2609 1619 2656 isis
1630 2609 1817 2669 quiuqusgiats

981 2678 1056 2724 libris
1068 2684 1149 2724 totum
1158 2678 1198 2724 ins
1208 2678 1339 2733 sntiquusn
1351 2692 1396 2735 pcr
1406 2677 1570 2724 millesimum
1581 2680 1607 2723 et
1619 2676 1817 2735 quadringente-

981 2746 1071 2790 simum
1083 2758 1164 2803 paene
1173 2758 1268 2791 anuum
1279 2744 1426 2803 confusum,
1437 2750 1462 2791 et
1473 2756 1489 2790 s
1499 2744 1573 2791 nobis
1584 2746 1732 2803 pnrgstum,
1744 2744 1816 2799 qussi

981 2812 1089 2869 quodam
1101 2825 1173 2857 muro
1186 2810 1317 2872 rellatum,
1328 2810 1393 2856 nihil
1405 2815 1479 2858 extra
1489 2822 1517 2857 se
1525 2810 1629 2867 bahem
1640 2809 1758 2856 omnibus
1769 2823 1816 2856 su-

980 2877 1096 2924 ctoribus
1107 2878 1172 2923 iuris
1182 2890 1262 2935 sequs
1274 2876 1402 2934 dignitate
1411 2877 1586 2939 pollentibus,
1607 2881 1633 2922 et
1644 2876 1742 2924 nemini
1752 2890 1816 2934 qus·

980 2944 1035 2989 ciam
1047 2945 1227 3003 praerogativa
1238 2944 1378 3003 sen-mna,
1389 2945 1449 2999 quis
1460 2958 1511 2990 sion
1522 2956 1609 2990 omnes
1620 2942 1648 2989 iu
1659 2943 1759 3006 omnis,
1770 2944 1815 2991 scd

979 3010 1042 3056 certi
1055 3016 1184 3067 percerts
1204 3009 1243 3055 sel
1264 3009 1384 3055 meliores
1406 3011 1446 3056 rel
1468 3010 1612 3057 deteriores
1634 3010 1813 3059 inveniuntur.

979 3078 1001 3135 ς.
1013 3081 1036 3120 n.
1048 3077 1098 3121 Sed
1110 3089 1193 3132 neque
1204 3089 1235 3122 ex
1248 3075 1414 3121 multitudine
1434 3081 1566 3122 suetorum
1588 3076 1656 3130 quod
1676 3076 1768 3123 melius
1787 3079 1814 3121 et

978 3141 1084 3196 sequius
1094 3144 1134 3186 est
1146 3141 1297 3199 iudicatotc,
1321 3154 1395 3200 quum
1407 3142 1487 3199 possit
1499 3141 1574 3185 unius
1585 3141 1696 3187 torsitsu
1707 3144 1733 3187 et
1743 3141 1813 3187 delc-

978 3207 1058 3252 rioris
1069 3207 1197 3253 seutentis
1208 3211 1232 3251 et
1243 3206 1336 3251 multos
1347 3211 1371 3251 et
1381 3208 1491 3252 msioces
1502 3206 1699 3262 inuliqnaparte
1707 3218 1813 3263 supero·

977 3286 1013 3319 re.
1037 3274 1069 3319 lit
1079 3273 1138 3319 ideo
1149 3284 1188 3331 ca,
1198 3285 1262 3327 quae
1274 3271 1301 3315 lu
1313 3273 1383 3317 notis
1391 3271 1494 3317 Aemilii
1505 3270 1639 3328 l‘epiniani
1652 3284 1684 3317 ex
1693 3270 1812 3331 i’lpiano,

977 3344 1003 3385 et
1013 3339 1104 3399 Panlo,
1112 3352 1158 3383 uec
1169 3351 1221 3383 non
1233 3338 1366 3383 lllarcinno
1378 3337 1505 3395 adscripta
1517 3341 1585 3397 sunt,
1593 3348 1657 3392 quse
1668 3339 1745 3382 antes
1753 3335 1812 3381 uul-

977 3405 1027 3452 lam
1038 3405 1089 3450 sim
1101 3404 1252 3450 obtinebant
1263 3407 1369 3463 propter
1379 3405 1502 3450 bonorem
1518 3401 1719 3462 splendidissimi
1736 3402 1812 3460 Papi-

976 3472 1063 3533 niani,
1074 3484 1127 3516 non
1139 3471 1226 3516 statim
1236 3481 1372 3532 respuere,
1393 3471 1437 3517 sed
1448 3470 1470 3515 si
1482 3471 1540 3527 qnid
1552 3482 1583 3518 ex
1595 3469 1634 3515 isis
1645 3469 1677 3514 sd
1687 3468 1811 3525 repletio·

978 3553 1035 3585 nem
1046 3537 1136 3583 summi
1148 3537 1247 3595 ingenii
1258 3537 1393 3596 l‘spinisni
1415 3536 1531 3583 laborum
1553 3535 1595 3581 rel
1615 3533 1812 3594 interpretatio-

977 3620 1034 3651 nem
1046 3604 1217 3651 necessarium
1229 3615 1286 3650 esse
1296 3603 1490 3665 perspexeritis,
1498 3608 1523 3649 et
1535 3603 1583 3649 hoc
1593 3601 1764 3660 ponerelegis
1772 3601 1812 3646 si-

977 3686 1030 3718 rem
1043 3672 1162 3717 obtinens
1174 3682 1226 3715 non
1239 3671 1390 3727 moremini3
1411 3674 1437 3714 ut
1450 3683 1552 3727 omncs,
1571 3670 1614 3725 qui
1626 3668 1701 3716 relati
1714 3666 1812 3713 luerint

977 3739 1004 3784 iu
1015 3738 1082 3784 bunc
1092 3737 1205 3783 codicem
1217 3736 1411 3796 prudentissimi
1423 3736 1488 3798 riri,
1503 3737 1611 3782 issbeaut
1622 3734 1813 3795 anctoritatem,

978 3810 1098 3865 tunquam
1112 3803 1134 3847 si
1145 3816 1233 3848 eornm
1245 3802 1330 3849 studia
1341 3816 1372 3850 ea
1385 3802 1569 3861 principalibus
1580 3800 1813 3849 constitutionibus

977 3873 1101 3931 proiecta,
1109 3874 1134 3915 et
1145 3874 1236 3916 nostro
1249 3868 1338 3915 divino
1350 3869 1447 3915 inerint
1458 3883 1504 3915 ore
1515 3870 1628 3927 proioss.
1641 3867 1733 3913 Omnis
1743 3866 1812 3913 enim

976 3939 1069 3983 merito
1081 3940 1171 3982 nostra
1181 3937 1295 3997 iacimus,
1307 3938 1367 3993 quis
1378 3948 1410 3982 ex
1422 3936 1497 3981 nobis
1505 3936 1589 3982 omnis
1599 3935 1638 3981 eis
1649 3933 1814 3992 impertietur

976 4004 1133 4059 auctoritas,
1147 3999 1813 4061 namquinonsubtiliteriactumeureudat,laudabi·

976 4070 1027 4116 lior
1038 4074 1077 4116 est
1088 4083 1128 4129 eo,
1139 4069 1181 4125 qui
1195 4069 1292 4127 primus
1303 4069 1412 4114 inuenit.
1436 4070 1459 4128 i.
1471 4071 1495 4114 i.
1514 4069 1563 4114 Sed
1574 4074 1599 4114 et
1611 4068 1658 4113 boe
1669 4066 1812 4112 studiosum

976 4136 1049 4185 robis
1060 4150 1116 4183 esse
1127 4136 1255 4195 volumus,
1266 4135 1333 4195 nt,si
1345 4135 1405 4192 quid
1417 4135 1443 4181 iu
1456 4134 1585 4181 veteribus
1597 4133 1671 4180 libris
1683 4146 1736 4178 non
1747 4132 1812 4178 bcus

976 4205 1086 4264 positum
1099 4201 1251 4261 invenistis,
1261 4202 1303 4247 rel
1315 4201 1420 4260 aliquod
1431 4204 1595 4261 snperllnnm,
1608 4201 1649 4246 rel
1658 4200 1742 4245 minus
1752 4212 1811 4256 per·

976 4272 1085 4331 iccium,
1102 4281 1260 4326 superruens
1275 4267 1441 4325 longitudine
1458 4272 1556 4313 semoto
1567 4272 1592 4314 et
1607 4265 1674 4324 qnod
1690 4265 1811 4323 imperie-
1845 4296 1851 4305 .

975 4341 1042 4384 ctnm
1054 4340 1092 4382 est
1104 4334 1242 4395 repleatis,
1265 4339 1291 4381 et
1302 4348 1377 4380 omsre
1389 4346 1452 4392 opus
1463 4334 1622 4380 moderatum
1633 4336 1658 4378 et
1669 4344 1741 4387 qnam
1753 4329 1813 4387 pui-

975 4403 1128 4450 eberrimum
1139 4400 1297 4457 ostendatis3
1309 4400 1358 4447 boc
1368 4401 1445 4446 etiam
1456 4400 1539 4446 nihilo
1547 4396 1812 4456 minusobservsndo,

975 4475 1012 4531 nt,
1021 4471 1043 4516 ri
1056 4468 1151 4525 aliquid
1162 4469 1189 4512 in
1202 4468 1333 4513 celeribus
1344 4465 1445 4524 iegibus
1457 4465 1498 4513 vel
1505 4463 1740 4523 constitutionibus,
1748 4473 1813 4518 quas

975 4536 1074 4593 sutiqul
1087 4535 1115 4581 in
1127 4534 1181 4579 suis
1193 4532 1266 4579 libris
1278 4534 1470 4595 imposuerunt,
1491 4546 1544 4577 non
1556 4534 1627 4578 recte
1637 4530 1759 4587 scripturn
1770 4528 1811 4572 in-

975 4602 1102 4663 venietis,
1123 4605 1149 4648 et
1162 4601 1209 4648 boe
1220 4599 1380 4660 reformetis,
1403 4603 1429 4645 et
1440 4598 1527 4645 ordiui
1543 4596 1676 4645 moderato
1692 4592 1813 4655 tradatis,

975 4674 1003 4716 ut
1013 4670 1061 4715 boc
1072 4668 1188 4714 rideatur
1201 4680 1257 4714 esse
1268 4680 1371 4727 rernm,
1383 4669 1409 4711 et
1420 4666 1557 4726 optimum,
1576 4666 1601 4709 et
1611 4661 1683 4718 qussi
1694 4662 1724 4707 ab
1733 4659 1810 4706 initio

975 4736 1106 4796 seriptum,
1117 4735 1211 4791 queris
1222 4735 1294 4780 vobis
1305 4733 1413 4779 electum
1423 4736 1449 4778 et
1460 4731 1494 4777 lbi
1507 4730 1618 4790 paritura
1629 4727 1715 4788 tuerit,
1726 4729 1753 4773 et
1763 4740 1813 4773 ne·

974 4816 1015 4849 mo
1027 4816 1059 4848 ex
1072 4800 1263 4860 comparatione
1273 4799 1370 4847 veteris
1382 4797 1521 4844 voluminis
1532 4794 1605 4853 qussi
1614 4794 1736 4840 vitiosam
1746 4793 1814 4840 scri·

975 4873 1075 4928 pturam
1086 4867 1305 4926 arguereandest.
1341 4863 1506 4917 tinumeuias
1527 4863 1585 4921 lege
1605 4861 1724 4922 sutiam,
1746 4873 1813 4916 qnae

974 4935 1048 4994 regis
1064 4933 1273 4994 nuncupabatur,
1295 4945 1371 4979 omne
1387 4928 1573 4987 insomniique
1589 4932 1704 4985 potestas
1719 4924 1813 4984 populi

974 5002 1075 5049 romani
1087 5000 1114 5045 in
1126 4999 1318 5058 imperatoriam
1328 4997 1454 5043 translals
1467 4999 1527 5040 sunt
1538 4996 1699 5053 potestatem,
1707 5004 1755 5037 uos
1765 5004 1812 5038 vc-

974 5083 1004 5115 ro
1016 5066 1173 5113 sanctionem
1186 5080 1284 5111 omnem
1297 5078 1348 5110 sion
1363 5062 1501 5108 dividimus
1512 5061 1539 5107 in
1550 5060 1615 5106 sliss
1626 5065 1652 5107 et
1668 5059 1732 5105 aliar
1747 5071 1811 5105 con-

974 5136 1085 5181 ditorum
1099 5137 1192 5193 parter,
1204 5133 1248 5178 sed
1260 5136 1339 5177 totam
1351 5132 1463 5175 nostram
1475 5142 1531 5175 esse
1543 5127 1669 5187 commus,
1677 5126 1736 5183 qnid
1750 5138 1810 5183 pos·

974 5202 1008 5248 sit
1019 5199 1156 5255 sntiqnitss
1168 5198 1268 5244 nostris
1278 5197 1377 5255 legibus
1388 5196 1533 5254 abrogarei
1541 5194 1575 5240 m
1586 5194 1612 5239 in
1625 5196 1723 5239 tantum
1734 5191 1811 5238 solu.

974 5280 1029 5313 mus
1040 5266 1127 5312 cariem
1140 5264 1234 5323 omnin,
1246 5277 1302 5310 cnm
1315 5262 1430 5320 reposita
1440 5266 1508 5324 sunt,
1517 5260 1689 5319 obtinere,at,
1701 5258 1750 5305 etsi
1761 5258 1810 5304 eli-

975 5340 1014 5380 ter
1026 5332 1123 5379 luerint
1135 5331 1202 5389 apud
1215 5335 1315 5376 veteres
1326 5329 1487 5387 conscripta,
1509 5328 1535 5373 ia
1550 5325 1707 5377 contrarium
1724 5327 1811 5370 sutem

975 5401 1001 5446 in
1015 5399 1145 5458 positione
1157 5398 1340 5458 invenientur,
1358 5394 1458 5441 nullum
1469 5395 1564 5442 crimen
1577 5394 1716 5451 scripturae
1728 5391 1808 5447 impu-

975 5470 1057 5529 tetur,
1079 5466 1123 5511 secl
1134 5469 1239 5511 nestrae
1249 5463 1370 5511 electioni
1382 5462 1431 5507 boc
1450 5461 1616 5507 adscribatur.
1652 5459 1675 5516 p.
1686 5461 1710 5502 tl.
1732 5457 1808 5500 Nulla

975 5535 1064 5592 iisqne
1082 5533 1110 5577 iu
1129 5533 1247 5577 omnibus
1267 5528 1393 5589 praedicti
1411 5527 1505 5574 coelicis
1525 5525 1644 5572 membria
1666 5521 1808 5568 antinomia

976 5601 1024 5659 (sic
1036 5600 1105 5646 enim
1116 5613 1131 5644 s
1142 5602 1267 5645 vetustate
1280 5610 1371 5655 gracco
1384 5594 1507 5640 vocabulo
1519 5589 1690 5649 nuncupator)
1698 5590 1809 5645 aliquem

976 5666 1024 5712 sibi
1037 5664 1151 5713 vindicet
1161 5665 1253 5725 locum,
1266 5664 1310 5710 sed
1321 5664 1354 5708 sit
1365 5675 1416 5707 uns
1426 5660 1578 5721 concordia,
1589 5671 1641 5704 uua
1651 5666 1807 5710 consequen-

978 5734 1030 5796 tia,
1051 5732 1201 5782 advcrssrio
1212 5730 1314 5783 nemine
1325 5728 1479 5779 constituto.
1513 5727 1537 5787 i.
1548 5728 1574 5772 t.
1585 5724 1635 5774 ded
1647 5727 1673 5770 et
1684 5719 1803 5769 similitu
1816 5738 1821 5745 ·
