4354 6424
317 401 350 457 it
428 442 435 449 -
629 402 801 462 insuti.
837 398 933 460 lili.
969 396 1030 456 Dii
1064 392 1286 457 vunnim
1320 386 1740 451 SUBSTl'l'UTiONE.

322 547 412 604 ieros3
433 544 526 605 quodsi
546 557 628 602 neque
644 544 751 592 heredes
769 544 887 591 instituti
898 543 1006 604 luerint,
1021 543 1163 606 aequetis,

321 616 351 659 ut
363 612 493 675 diximus,
504 611 670 674 exheredati,
682 611 813 671 promittit
823 613 856 659 iis
867 613 976 661 Praetor
986 614 1078 659 contra
1087 612 1164 658 tabu-

320 681 362 728 ias
373 681 522 728 testamenti
533 679 865 738 honornmpossessionem.
888 680 911 742 t.
922 678 1078 739 l.ddoptiri
1086 676 1174 739 liberi,

321 746 555 806 quamdiusuntin
567 748 697 805 potestate
709 747 793 806 patris
810 746 944 809 adoptivi,
965 746 1080 795 eiusdem
1099 746 1165 796 iuris

322 816 466 873 habentur,
483 814 557 860 cuins
567 817 629 860 sunt
639 814 716 860 iustis
725 815 827 874 nuptiis
837 812 958 873 quaesiti.
989 815 1079 872 ltaque
1090 814 1165 862 here-

323 883 370 930 des
380 880 535 928 instituendi
547 881 590 928 rei
600 882 775 930 exheredandi
786 887 863 944 snat,
884 882 1025 929 seeundum
1035 896 1081 944 ea,
1100 893 1166 939 quae

323 950 357 997 sle
366 948 529 994 naturalibus
540 949 719 1008 exposuimus.
750 950 917 1013 Emancipati
933 954 994 997 reth
1008 953 1107 1009 epatre
1121 947 1166 995 ad·

323 1016 414 1075 optivo
425 1028 509 1073 neque
520 1015 579 1064 lure
590 1017 677 1078 civili,
688 1031 772 1076 neque
785 1018 854 1076 qaod
866 1018 899 1064 ad
909 1017 1024 1064 edictum
1033 1014 1167 1064 Praetoris

322 1084 420 1131 attinet
432 1083 502 1132 inter
512 1082 609 1131 liberos
621 1089 800 1133 numerantur:
820 1086 878 1140 Qua
890 1084 994 1132 ratione
1005 1085 1115 1144 accidit,
1136 1085 1167 1127 ut

322 1164 359 1199 ex
371 1151 477 1201 diuerso
484 1186 492 1214 ,
503 1151 571 1209 qnod
582 1152 615 1200 sd
626 1154 775 1201 naturalem
784 1158 919 1213 parentem
929 1153 1034 1216 attinet,
1045 1151 1167 1211 quamdiu

323 1218 427 1276 quidem
437 1221 500 1265 eunt
511 1219 539 1267 in
549 1219 674 1279 adoptiva
683 1222 792 1283 lamiiis,
803 1226 990 1269 extraneorum
1000 1233 1109 1268 numero
1120 1219 1167 1266 he·

324 1287 443 1349 beantur,
453 1290 482 1333 ut
493 1300 538 1336 eos
548 1300 632 1345 neque
643 1288 748 1337 heredes
760 1288 908 1349 instituere,
917 1302 1001 1346 neque
1008 1288 1168 1336 exheredare

323 1368 432 1405 trecense
447 1355 499 1413 sit;
521 1369 599 1414 quum
618 1366 681 1405 vero
699 1357 855 1416 emancipati
875 1356 975 1404 luerint
994 1357 1025 1403 ab
1043 1354 1168 1414 adoptivo

323 1427 408 1485 patre,
418 1427 481 1471 tuno
491 1423 620 1483 incipiant
632 1424 660 1470 in
670 1438 701 1471 ea
712 1437 789 1471 causa
799 1438 865 1486 esse,
877 1426 905 1471 in
915 1436 966 1481 qua
976 1424 1058 1472 taturi
1070 1424 1167 1481 esseut,

326 1492 349 1541 si
366 1492 398 1538 ah
415 1490 473 1551 ipso
492 1490 607 1538 naturali
624 1495 699 1550 patre
716 1493 872 1552 emancipati
883 1492 1003 1539 luissent.
1035 1494 1058 1553 t.
1072 1494 1095 1538 b.
1117 1490 1169 1537 Sed

327 1560 390 1607 haec
401 1558 503 1617 quidem
514 1561 630 1607 uetustas
641 1559 839 1620 introducebat;
863 1563 955 1607 nostra
965 1572 1027 1608 vero
1040 1558 1169 1606 constitu-

327 1627 367 1675 tio
385 1626 457 1675 inter
474 1627 603 1674 masculos
619 1630 646 1674 et
663 1626 774 1674 feminas
790 1627 819 1676 in
837 1627 886 1675 hoe
896 1627 954 1675 iure
964 1626 1033 1674 nihil
1043 1627 1170 1674 interesse

327 1694 492 1758 existimaus,
504 1695 565 1752 quia
575 1697 685 1752 utreque
696 1695 981 1752 personaiuisominum
988 1694 1170 1754 procreatione

328 1761 452 1809 similiter
462 1765 571 1810 naturae
581 1763 665 1811 udicio
676 1762 803 1825 iungitur,
811 1767 837 1811 et
847 1764 906 1824 lege
916 1763 1024 1821 antiqua
1035 1761 1170 1809 duodecim

329 1829 477 1877 tabularum
496 1841 587 1877 omnes
603 1830 726 1878 similiter
743 1830 776 1877 nd
793 1831 985 1879 successionem
1001 1830 1033 1878 sb
1043 1830 1170 1878 intestato

240 1922 245 1931 ·
329 1897 498 1959 sonabantur,
509 1898 578 1956 qaod
588 1902 615 1946 et
624 1899 762 1945 Praetores
772 1903 865 1958 postea
874 1899 958 1948 manti
970 1911 1028 1947 esse
1036 1899 1170 1962 videatur,

328 1964 389 2017 ideo
401 1965 554 2025 simplexne
565 1966 651 2014 simile
660 1966 703 2014 ius
714 1968 743 2014 et
752 1966 781 2013 iu
790 1967 870 2031 tiliis,
890 1970 917 2015 et
928 1968 957 2015 iu
967 1965 1084 2030 flliebns,
1105 1970 1132 2015 et
1143 1968 1171 2015 in

328 2033 424 2088 ceteris
441 2032 655 2087 descendentibus
672 2047 720 2098 per
739 2034 841 2088 virilem
858 2048 950 2085 sexum
961 2035 1095 2099 personis,
1117 2048 1171 2086 nou

327 2101 414 2149 solum
424 2101 509 2165 natis,
531 2102 576 2149 sed
587 2101 664 2150 etlam
675 2102 816 2167 postumia,
837 2102 1002 2165 introduxit,
1025 2107 1055 2150 ut
1073 2116 1171 2165 amnes,

326 2168 436 2223 strenui
447 2169 503 2217 sive
514 2170 670 2229 emancipati
681 2173 756 2232 sunt,
767 2170 810 2218 rel
820 2171 927 2218 heredes
938 2171 1118 2235 instituentur,
1130 2173 1173 2221 rel

327 2237 484 2286 nominatius
495 2236 698 2300 exheredantur,
710 2241 737 2284 et
748 2239 858 2285 eundem
868 2238 980 2286 habeant
989 2241 1110 2288 ellectum
1120 2241 1172 2288 eir·

328 2317 361 2353 ea
372 2308 527 2353 testamenta
534 2311 671 2364 parentum
681 2318 787 2353 morum
800 2305 953 2354 infirmanda
964 2310 989 2354 et
1002 2307 1172 2356 hereditatem

331 2373 507 2435 miscendam,
518 2385 594 2431 quens
604 2373 654 2420 ulii
665 2374 706 2420 sui
718 2373 761 2419 vei
771 2373 927 2435 emancipati
938 2375 1041 2439 hebent,
1053 2375 1108 2424 sire
1122 2377 1172 2423 iam

327 2440 386 2488 uati
404 2441 473 2503 sint,
494 2440 549 2488 siue
569 2440 653 2488 adhuc
668 2442 696 2488 in
708 2443 782 2487 utero
793 2441 929 2488 constituti
941 2446 1032 2507 postea
1042 2445 1097 2491 nati
1106 2442 1171 2491 lint.

328 2508 406 2555 tliroa
415 2509 553 2567 adoptivos
564 2512 651 2557 summ
660 2509 730 2556 tilios
743 2512 839 2556 certam
847 2509 998 2556 induximus
1006 2511 1171 2573 divisionem,

328 2587 397 2634 quac
408 2580 500 2623 nostra
512 2576 718 2640 constitutione,
736 2589 813 2634 quarn
823 2589 902 2636 snper
912 2576 1043 2638 adoptivis
1053 2579 1171 2645 tulimus,

329 2643 490 2691 continetur.
527 2644 552 2704 p.
571 2646 595 2690 ti.
620 2645 670 2692 Sed
687 2644 710 2690 si
728 2644 755 2693 in
766 2645 936 2704 expeditione
947 2650 1087 2705 occupatus
1097 2649 1172 2696 miles

328 2714 514 2760 tutamentum
524 2710 612 2773 iaciat,
623 2716 650 2759 ct
660 2712 758 2759 liberos
770 2725 831 2759 euos
842 2712 892 2759 ium
904 2716 981 2761 natos
988 2715 1030 2762 rel
1037 2719 1172 2775 postumae

328 2779 484 2827 nominatim
502 2791 556 2826 nou
572 2780 787 2841 exheredaverit,
808 2779 853 2827 sod
870 2779 979 2829 silentio
997 2783 1172 2847 praeterierit,

328 2858 384 2897 uon
395 2848 534 2908 ignoraus,
546 2847 682 2895 auhabeat
692 2848 806 2908 liberos,
818 2847 954 2896 nitentium
964 2849 1021 2897 eins
1032 2864 1080 2910 pro
1092 2853 1172 2900 exhe-

327 2914 467 2967 redatione
482 2913 638 2963 nominatim
649 2916 718 2965 lacta
728 2916 831 2977 valere,
854 2918 1088 2966 constitutionibus
1099 2921 1172 2978 prin-

328 2981 417 3042 cipum
428 2986 532 3031 cantum
542 2985 591 3030 est.
618 2985 642 3047 Q.
653 2986 679 3030 t.
699 2984 784 3030 Mater
794 2984 837 3031 rei
847 2996 912 3031 asne
922 2988 1055 3034 maternus
1066 3000 1173 3037 necesse

322 3062 384 3099 -nou
401 3051 498 3099 habeut
507 3050 604 3098 liberos
614 3063 676 3098 suos
687 3056 733 3097 aut
743 3051 850 3099 heredes
862 3051 1017 3118 instituere,
1034 3059 1080 3105 eut
1091 3057 1172 3104 cahe-

326 3117 436 3182 redare,
458 3118 503 3166 sed
518 3122 629 3178 possunt
647 3130 693 3165 eos
709 3120 843 3175 omittere;
865 3133 926 3168 nam
936 3122 1071 3170 silentiam
1080 3125 1171 3172 matris

320 3188 376 3233 -aut
396 3187 439 3234 ari
459 3185 571 3255 materni
588 3190 616 3234 et
632 3189 779 3233 ceterorum
795 3199 842 3245 per
858 3192 966 3239 matrem
976 3190 1172 3243 ascendentium

327 3256 432 3302 tautum
442 3254 519 3316 iacit,
529 3256 655 3311 quantum
665 3253 835 3303 exheredatio
847 3255 938 3314 patris.
969 3258 1025 3307 Nec
1035 3261 1105 3308 enias
1116 3274 1171 3308 ma-

325 3321 367 3371 tri
375 3322 459 3370 lilium
468 3321 595 3384 filiamve,
618 3334 701 3379 neque
711 3335 761 3369 avo
774 3324 890 3370 materno
901 3331 1024 3383 nepotem
1035 3332 1171 3388 neptemre

324 3401 362 3437 es
373 3389 443 3453 ulta,
464 3388 487 3433 ai
497 3401 556 3435 eum
566 3403 654 3437 eamve
664 3389 783 3437 heredem
793 3402 846 3437 nou
858 3391 996 3456 instituat,
1014 3395 1172 3441 esheredarc

326 3467 435 3503 necesse
452 3459 507 3517 est,
528 3454 585 3503 sire
603 3456 634 3503 de
651 3456 710 3503 iure
721 3456 794 3503 civili
804 3470 966 3523 quaeramus,
977 3459 1033 3508 sire
1044 3462 1076 3509 de
1086 3461 1171 3509 edicto

325 3521 477 3583 l'raetoris,
499 3534 550 3579 quo
561 3522 670 3571 Praetor
686 3524 837 3581 praeteritis
852 3526 942 3573 liberie
961 3530 1054 3575 contra
1068 3529 1171 3576 tabulas

328 3589 457 3637 isanornm
474 3589 667 3648 possessiouem
685 3593 824 3648 promittit.
864 3594 915 3640 Sed
925 3593 998 3641 alind
1010 3595 1048 3642 eis
1059 3596 1171 3647 suaini-

327 3656 419 3708 aulnm
428 3659 556 3721 musamr,
568 3657 637 3719 quod
646 3658 726 3721 paulo
737 3663 798 3724 post
809 3660 883 3709 robis
895 3662 1062 3715 manifestum
1071 3664 1125 3715 det.

642 3761 733 3822 ΤΙΤ.
756 3760 857 3825 xiv.

417 3844 471 3894 ou
490 3845 736 3895 annuamus
756 3848 1078 3904 rissrsrunuurs.

378 3926 493 3976 Heredes
512 3929 651 3978 instituere
667 3930 821 3989 permissum
831 3936 871 3981 est
884 3938 935 3983 tem
946 3935 1042 3985 liberos
1052 3936 1170 3984 homines

325 4005 403 4052 qnam
413 4008 518 4060 serras,
528 4000 556 4046 et
566 4000 618 4045 tem
627 3999 749 4058 proprios
760 4013 835 4058 qaam
845 4002 955 4051 elienor.
986 4005 1112 4065 Proprias
1122 4018 1170 4052 an-

326 4064 382 4109 tem
392 4062 455 4110 oiim
465 4065 568 4122 quidem
577 4067 720 4113 secuudum
729 4067 844 4125 plurium
855 4071 999 4118 tententiae
1011 4086 1064 4119 uon
1081 4072 1169 4135 aliter,

323 4141 404 4187 quarn
423 4143 481 4178 cum
499 4132 621 4181 libertate
637 4138 709 4181 recte
727 4134 866 4185 instituere
881 4138 992 4199 licebat;
1013 4141 1091 4188 hodie
1106 4150 1168 4189 sero

324 4196 406 4245 etiam
426 4197 484 4247 sine
501 4200 624 4250 libertate
642 4214 677 4249 ex
693 4206 784 4263 nostra
801 4205 990 4256 constitutione
1007 4209 1113 4257 heredes
1123 4222 1169 4256 eos

323 4264 468 4315 instituere
478 4268 632 4327 permissum
642 4273 691 4316 est.
710 4271 786 4325 tiuod
796 4285 850 4320 uon
861 4287 907 4334 per
918 4275 1116 4325 innovationem
1127 4277 1168 4324 in-

325 4332 467 4398 dusimus,
478 4336 523 4383 sed
534 4338 657 4395 quoniam
667 4339 775 4395 aequius
786 4344 851 4403 erat,
864 4345 891 4388 et
900 4344 1028 4392 Atilicino
1039 4346 1168 4405 placuisse

324 4400 425 4449 Paulus
436 4403 492 4449 suis
501 4403 587 4466 libris,
598 4417 663 4463 quoe
675 4410 728 4463 tam
739 4408 772 4455 ad
781 4409 938 4458 Massurium
950 4413 1082 4477 Sabinum,
1093 4427 1168 4472 quem

290 4474 293 4477 '
324 4469 358 4516 esl
368 4470 500 4518 Plautium
516 4470 630 4534 scripsit,
641 4474 732 4521 relert.
753 4475 880 4534 Proprius
892 4482 978 4527 antem
988 4493 1079 4529 serras
1090 4483 1168 4531 etiam

324 4536 349 4584 is
361 4537 525 4597 intelligitur
532 4572 539 4601 ,
557 4539 585 4586 in
596 4553 648 4598 quo
658 4541 752 4588 nudam
764 4545 950 4605 proprietatem
961 4552 1072 4597 testator
1081 4550 1167 4613 habet,

324 4602 380 4650 aiio
398 4608 586 4655 usumfructum
596 4609 715 4659 habente.
746 4609 795 4657 Est
807 4617 892 4660 temen
910 4627 999 4679 casus,
1019 4617 1047 4663 in
1058 4631 1108 4676 qno
1120 4632 1168 4665 aee

325 4682 384 4717 cum
395 4671 515 4722 libertate
525 4676 628 4724 utiliter
637 4688 729 4724 servus
739 4678 871 4727 adomina
880 4680 955 4730 heres
967 4684 1126 4749 instituitur,
1138 4689 1167 4733 ut

325 4738 517 4789 constitutione
524 4743 642 4791 divorum
649 4744 739 4791 severi
746 4746 1101 4815 etAntnniuicaretur,enius
1109 4768 1167 4802 ver-

325 4802 359 4850 be
369 4802 432 4853 haee
441 4812 515 4856 sunt:
536 4810 643 4859 &min
651 4813 781 4860 adulterio
792 4817 949 4864 neminisse
956 4833 1007 4866 aas
1019 4823 1076 4868 isere
1086 4828 1167 4869 testu-

324 4877 410 4922 nense
429 4880 609 4926 mnumissssns
628 4886 690 4927 ants
708 4884 861 4928 sentents'm
872 4885 906 4931 ad
916 4899 949 4932 ea
959 4889 1065 4936 muliere
1075 4891 1166 4947 sidem,

321 4952 394 5001 qaae
411 4954 461 4987 ress
469 4943 567 5006 finem
576 4949 685 4995 &sedern
694 4950 807 4997 meinis
813 4952 968 5013 postulatu,
988 4959 1099 5005 rationis
1109 4963 1149 5005 est
1155 4972 1168 5018 ,·

324 5019 408 5068 qnare
424 5011 554 5070 seqnitur,
574 5020 605 5059 at
618 5018 645 5061 in
662 5017 767 5063 andans
784 5033 802 5063 a
819 5019 1030 5071 dondnucolicta
1038 5026 1167 5073 instimtm

323 5073 421 5121 nuliius
437 5079 557 5123 rnamenta·
563 5077 701 5129 iadeetnr.
737 5086 847 5133 Alienus
859 5100 950 5136 servus
961 5090 1040 5140 etiarn
1052 5092 1075 5140 is
1086 5092 1167 5141 intel-

307 5194 314 5207 ο
324 5139 435 5203 ligitur,
448 5142 476 5189 ia
487 5156 539 5201 quo
550 5149 737 5197 usumfructum
747 5157 858 5204 testator
868 5156 952 5205 babet.
987 5162 1010 5221 t.
1025 5162 1047 5211 l.
1069 5161 1166 5210 Servus

324 5210 413 5254 autem
428 5221 445 5256 a
455 5210 560 5259 domino
571 5225 619 5260 suo
630 5215 704 5262 heres
713 5217 866 5287 institutas,
889 5225 911 5271 ei
923 5225 1027 5284 quidem
1037 5228 1065 5276 in
1076 5230 1167 5279 eadem

325 5286 404 5321 cansa
417 5277 560 5342 meuserit,
581 5280 611 5327 lit
622 5295 654 5329 ex
668 5284 825 5336 testamento
835 5291 902 5339 iiber
913 5292 1037 5352 heresque
1046 5310 1166 5344 necessa·

323 5342 394 5405 rias,
406 5343 430 5389 si
441 5357 532 5392 veroa
542 5348 603 5396 viso
615 5352 742 5398 testatore
752 5359 924 5405 manumissus
935 5362 1024 5421 luerit,
1035 5375 1084 5408 suo
1096 5365 1166 5410 arhi-

323 5409 378 5458 tria
398 5412 471 5461 adire
491 5412 660 5463 hereditatem
677 5420 777 5482 potest,
800 5423 860 5478 qnia
876 5438 931 5471 non
947 5426 976 5473 ut
995 5430 1165 5492 necessarias,

324 5490 402 5537 quum
421 5484 558 5540 atrumque
574 5497 609 5532 ex
625 5484 724 5532 donnini
744 5491 899 5539 testamento
916 5505 969 5539 nou
988 5494 1164 5553 consequitur.

325 5545 425 5600 Quodsi
436 5548 567 5598 alienatus
576 5551 672 5614 inerit,
684 5552 757 5600 iussn
768 5558 830 5603 novi
842 5558 941 5606 domini
952 5560 1024 5607 adire
1035 5561 1165 5612 heredita-

323 5616 377 5662 tem
394 5615 483 5679 debet,
504 5621 530 5664 et
546 5632 578 5667 ea
592 5618 694 5667 ratione
702 5634 749 5679 per
759 5636 818 5673 eura
830 5626 950 5674 domiuus
960 5625 989 5673 iit
1000 5627 1082 5676 heres.
1100 5632 1166 5680 Nam

322 5680 381 5741 ipse
391 5682 522 5732 alienatas
533 5700 617 5746 neque
627 5686 695 5734 iiber
704 5701 787 5746 neque
796 5692 871 5740 beses
882 5706 939 5742 esse
950 5697 1051 5757 potest,
1072 5697 1165 5747 etiam-

324 5748 349 5795 ei
365 5760 425 5798 cum
440 5751 561 5802 libertate
579 5755 652 5804 heret
663 5755 800 5804 institutus
810 5759 903 5820 inerit;
926 5759 1057 5810 destitisse
1067 5765 1138 5814 enim
1148 5780 1165 5815 a

324 5812 455 5868 libertatis
464 5820 571 5872 datiam
576 5822 680 5872 ridetur
686 5823 815 5887 dominns,
821 5826 865 5884 qai
876 5840 935 5877 eum
943 5829 1080 5881 alienavit.
1090 5833 1164 5884 Alie-

1215 552 1265 589 nus
1275 550 1379 598 quoque
1390 547 1482 584 serrus
1493 534 1570 583 heres
1581 534 1720 584 institutus
1727 568 1735 598 ,
1751 532 1773 581 si
1785 533 1814 582 ln
1825 530 1915 582 eedem
1924 544 2001 580 censa
2007 530 2060 580 du.

1215 607 1404 670 reverit,iuesu
1417 604 1475 653 eius
1487 603 1586 651 domiui
1598 603 1670 650 adire
1680 602 1851 650 hereditatem
1863 600 1952 659 debet,
1964 600 2059 648 sivero

1217 676 1348 724 alienatus
1360 672 1442 720 inerit
1453 671 1484 718 eb
1495 684 1527 719 eo
1539 675 1585 717 aut
1598 671 1659 717 rivo
1670 673 1812 733 testatore,
1824 672 1870 716 aut
1880 671 2061 728 postmortem

1217 748 1274 792 eius
1292 745 1430 799 antequam
1450 740 1542 801 adeat,
1562 737 1637 786 dehet
1648 739 1719 785 iussu
1730 738 1793 786 nori
1804 737 1902 785 domini
1912 736 1992 784 adire.
2026 736 2062 784 As

1217 811 1240 862 si
1251 809 1425 858 manumissus
1436 812 1476 855 eet
1487 807 1548 852 sivo
1558 809 1693 870 testatore,
1701 807 1742 855 rei
1753 808 1857 854 mortuo
1868 810 2005 862 antequam
2015 804 2062 852 ud·

1217 882 1276 941 eat,
1299 890 1347 924 suo
1359 875 1469 923 arbitrio
1481 874 1552 921 adire
1562 874 1733 923 hereditatem
1744 876 1839 934 potest.
1881 876 1904 935 t.
1923 876 1948 920 2.
1966 873 2062 919 Servus

1218 950 1305 994 autem
1322 943 1425 991 alienus
1437 946 1496 1005 post
1507 942 1605 988 domini
1617 946 1728 992 mortem
1738 945 1809 990 reete
1818 941 1893 989 heres
1903 940 2062 1003 irretiuntur,

1216 1013 1280 1073 quia
1291 1017 1317 1060 et
1327 1024 1386 1058 cuns
1398 1008 1564 1058 hereditariis
1574 1010 1658 1056 serris
1668 1014 1708 1058 est
1719 1010 1868 1058 testamenti
1879 1010 1968 1056 tactio.
1988 1010 2062 1057 Non-

1219 1083 1280 1129 dum
1291 1078 1362 1127 enim
1372 1078 1443 1125 adita
1454 1076 1585 1123 hereditas
1596 1090 1724 1138 personae
1735 1078 1816 1125 ricem
1824 1078 1946 1139 sustinet,
1952 1090 2006 1124 nou
2015 1077 2063 1127 he·

1218 1149 1290 1197 redis
1301 1145 1402 1209 iuturi,
1424 1144 1469 1191 sed
1480 1144 1597 1192 defuncti
1608 1148 1697 1205 (quum
1709 1147 1788 1194 etiam
1800 1146 1872 1209 eius,
1892 1145 1975 1204 quiin
1986 1150 2062 1194 utero

1219 1219 1277 1280 cst,
1288 1226 1379 1261 sersus
1390 1214 1461 1260 recte
1472 1212 1546 1259 heres
1558 1212 1728 1271 instituitur).
1759 1216 1782 1274 d.
1796 1214 1820 1261 d.
1832 1215 1929 1262 Seruus
1940 1214 2063 1278 plurium,

1221 1298 1278 1333 cum
1294 1281 1387 1340 quibus
1407 1281 1556 1327 testamenti
1575 1281 1723 1343 tertiaeet,
1744 1282 1775 1327 ah
1786 1286 1913 1331 extraneo
1925 1282 2063 1330 institutus

1221 1353 1311 1413 heres,
1322 1348 1464 1405 unicuique
1475 1347 1649 1412 dominorum,
1661 1350 1735 1396 cuius
1745 1349 1817 1397 iussu
1829 1350 1932 1414 adierit,
1944 1364 1991 1409 pro
2002 1364 2063 1410 por-

1221 1420 1295 1467 tione
1306 1416 1415 1466 dominii
1427 1416 1539 1473 acquirit
1551 1417 1728 1464 hereditatem.
1760 1419 1783 1479 q.
1797 1420 1821 1465 4.
1843 1419 1878 1466 Et
1888 1432 1968 1465 nuum
1979 1418 2064 1466 homi·

1221 1502 1279 1534 nem
1289 1521 1296 1546 ,
1307 1490 1334 1534 et
1344 1484 1432 1545 plnres
1443 1484 1472 1529 iu
1483 1483 1623 1547 infinitum,
1635 1490 1697 1542 quot
1709 1486 1766 1544 quis
1776 1487 1849 1549 relit,
1860 1487 1967 1535 heredes
1978 1488 2064 1534 tacere

1221 1554 1294 1603 libet.
1331 1555 1354 1617 p.
1368 1555 1392 1598 b.
1411 1551 1549 1599 ilereditas
1573 1552 1724 1612 plerumque
1742 1553 1868 1603 dividitur
1884 1555 1911 1602 in
1929 1554 2065 1603 duodecim

1223 1622 1328 1683 uncias,
1339 1632 1406 1679 quae
1425 1618 1490 1666 assis
1502 1620 1678 1679 appellatione
1687 1622 1865 1669 contineatur.
1902 1623 2005 1670 liabent
2017 1636 2064 1669 au-

1223 1691 1311 1738 temet
1322 1689 1370 1735 isse
1381 1689 1467 1749 partes
1479 1688 1585 1748 propria
1596 1689 1702 1738 uomina
1712 1690 1744 1736 ab
1753 1691 1831 1738 nucia
1843 1690 2064 1753 usqueadassetn,

1222 1762 1252 1805 ut
1262 1761 1324 1818 puta
1335 1756 1413 1805 hacc:
1424 1755 1517 1819 uncia,
1530 1760 1654 1821 sextans,
1665 1757 1803 1821 quadrans,
1815 1760 1908 1821 miens,
1919 1759 2066 1820 quincunx,

1222 1826 1318 1890 seruis,
1329 1825 1459 1886 septuns,
1470 1823 1523 1886 bes,
1535 1824 1661 1889 dodrans,
1673 1826 1798 1889 dextans,
1810 1826 1914 1889 deunx,
1932 1839 1969 1874 es.
2006 1828 2066 1875 Non

1223 1898 1310 1942 sutem
1324 1893 1416 1952 utique
1432 1903 1532 1951 semper
1550 1891 1686 1943 duodecim
1696 1895 1786 1943 uncias
1797 1907 1854 1942 esse
1864 1898 1984 1955 oportet;
2006 1908 2067 1944 nem

1224 1966 1266 2011 tot
1273 1962 1366 2009 unciae
1373 1973 1457 2008 assem
1466 1960 1589 2023 efficiunt,
1597 1965 1660 2021 quot
1670 1964 1910 2026 testatorvoluerit,
1919 1966 1945 2011 et
1953 1964 1975 2010 si
1983 1976 2065 2010 unum

1224 2035 1325 2081 tantum
1335 2030 1393 2090 quis
1403 2042 1438 2077 eu
1448 2028 1556 2077 semisse
1565 2030 1638 2078 verbi
1648 2032 1733 2091 matis
1742 2032 1861 2080 heredem
1869 2031 2015 2094 scripserit,
2024 2035 2065 2078 to-

1224 2104 1267 2149 tus
1278 2113 1307 2147 es
1317 2098 1346 2146 iu
1356 2098 1462 2145 munisse
1472 2098 1533 2145 erit.
1568 2099 1657 2156 Neque
1667 2099 1737 2147 enim
1748 2099 1816 2148 idern
1826 2105 1944 2161 exparte
1953 2103 2067 2147 testatus

1224 2173 1252 2217 et
1261 2181 1295 2217 ex
1308 2168 1382 2226 parte
1392 2164 1534 2214 intestatus
1545 2164 1669 2215 decedere
1679 2171 1775 2231 potest,
1786 2167 1838 2214 nisi
1850 2169 1884 2215 sit
1895 2169 1978 2232 miles,
1991 2170 2067 2216 cuius

1225 2237 1281 2284 sola
1291 2235 1415 2282 uoluntas
1426 2235 1455 2281 in
1466 2235 1586 2281 testando
1597 2238 1737 2295 spectetur.
1764 2236 1798 2283 Et
1809 2251 1824 2284 e
1835 2236 1966 2284 contrario
1978 2240 2068 2295 potest

1224 2305 1282 2365 quin
1299 2304 1328 2350 iu
1347 2305 1559 2363 quantascunque
1577 2303 1693 2351 voluerit
1703 2303 1827 2363 plurimas
1837 2305 1927 2351 uncias
1938 2318 2013 2352 suam
2023 2304 2068 2353 be-

1225 2372 1362 2420 reditstem
1374 2370 1498 2417 dividere.
1535 2372 1558 2434 t.
1572 2374 1596 2417 6.
1618 2371 1647 2418 Si
1658 2371 1746 2430 piures
1756 2372 1945 2435 instituantur,
1967 2374 2007 2420 ita
2025 2372 2068 2420 dc-

1223 2453 1292 2488 saum
1308 2437 1422 2499 partium
1441 2436 1594 2485 distributio
1605 2440 1751 2487 necessaria
1762 2445 1819 2503 est,
1840 2442 1862 2488 si
1873 2443 1943 2488 nolit
1956 2444 2069 2489 testator

1224 2521 1270 2556 ces
1289 2519 1324 2556 cx
1342 2505 1433 2563 aequis
1449 2505 1566 2564 partibus
1584 2506 1691 2555 heredes
1702 2520 1776 2567 esse;
1798 2511 1863 2557 satie
1873 2511 1943 2558 enim
1953 2512 2067 2571 constat,

1223 2576 1305 2622 nullis
1315 2574 1431 2633 partibus
1442 2573 1600 2637 nominatis,
1621 2587 1656 2622 ex
1675 2577 1764 2634 aequis
1775 2577 1892 2636 partibus
1903 2591 1948 2627 eos
1959 2577 2069 2626 heredes

1224 2656 1290 2692 esse.
1321 2641 1441 2691 Partibus
1450 2644 1539 2691 autera
1549 2642 1577 2689 ia
1586 2643 1749 2699 quorundam
1761 2645 1880 2704 personis
1891 2647 2037 2709 expressis,
2049 2645 2072 2694 si

1224 2712 1281 2769 quis
1292 2710 1361 2758 alius
1371 2709 1429 2757 sine
1439 2712 1513 2768 parte
1526 2710 1675 2758 nominatus
1686 2711 1753 2775 erit,
1765 2713 1787 2759 si
1799 2713 1900 2770 quidem
1910 2713 1997 2771 aliqua
2007 2728 2072 2775 pars

1225 2779 1277 2827 assi
1289 2777 1388 2841 deerit,
1407 2791 1441 2825 es
1451 2789 1483 2822 es
1492 2781 1565 2836 parte
1577 2779 1651 2827 heres
1661 2779 1707 2844 iit,
1729 2783 1755 2830 et
1771 2781 1795 2828 sl
1812 2781 1900 2841 plures
1918 2782 1975 2830 sine
1993 2787 2072 2842 purte

1225 2847 1317 2907 scripti
1330 2848 1402 2908 sunt,
1414 2858 1503 2893 omnes
1514 2844 1542 2892 in
1552 2846 1659 2895 eandem
1671 2851 1769 2907 partem
1782 2854 1947 2897 concurrent.
1963 2849 1992 2897 Si
2004 2863 2072 2898 sero

1225 2920 1297 2961 totus
1309 2926 1337 2960 ae
1351 2913 1496 2973 completus
1506 2914 1557 2975 sit,
1578 2915 1606 2961 in
1619 2915 1753 2963 dimidiam
1765 2921 1865 2976 partem
1877 2920 2019 2982 vocantur,
2044 2922 2071 2967 et

1225 2983 1271 3032 ilie
1282 2982 1324 3030 vei
1335 2981 1376 3028 ilii
1388 2993 1478 3051 omnes
1488 2981 1516 3027 in
1527 2980 1636 3029 alteram
1647 2983 1787 3031 dimidiam.
1816 2987 1870 3033 Nec
1881 2987 2000 3049 interest,
2011 2987 2071 3046 pri·

1223 3063 1297 3114 mus,
1318 3063 1353 3099 au
1362 3049 1478 3112 madias,
1501 3062 1534 3095 eu
1545 3050 1704 3098 norissimus
1714 3051 1772 3099 sine
1783 3056 1857 3112 parte
1867 3054 1942 3102 heres
1953 3055 2069 3115 scriptus

1224 3117 1272 3177 sit3
1292 3131 1323 3166 aa
1341 3117 1411 3165 euim
1423 3130 1482 3178 pars
1494 3116 1554 3165 data
1565 3118 1903 3184 intelligiturffluaeracat.
1931 3124 1954 3183 §-
1971 3126 1997 3169 t.
2019 3124 2068 3170 vi.
2162 3135 2163 3173 ἕ

1224 3186 1337 3248 deamat,
1346 3185 1368 3231 ei
1380 3198 1439 3245 pers
1450 3184 1538 3243 aliqua
1548 3190 1631 3250 vacet,
1639 3202 1687 3237 nec
1697 3191 1783 3238 tausen
1795 3190 1928 3249 quisquam
1938 3190 1995 3239 sine
2005 3204 2067 3250 per.

1224 3256 1250 3303 te
1261 3254 1295 3302 sit
1303 3254 1377 3302 heres
1387 3253 1536 3317 institutus,
1546 3256 1741 3311 nuidiurissiti
1754 3256 1837 3307 veluti
1848 3258 1870 3307 si
1879 3246 1932 3317 tp'es
1941 3272 1975 3305 ex
1986 3272 2067 3315 quar·

1223 3322 1258 3368 tis
1274 3321 1392 3384 partibus
1406 3321 1515 3369 heredes
1533 3323 1624 3383 scripti
1639 3330 1710 3371 suat.
1746 3325 1781 3371 Et
1792 3330 1908 3387 constat,
1930 3330 2069 3377 remutem

1224 3396 1323 3453 pestem
1339 3388 1452 3447 singuiis
1470 3388 1551 3435 tacite
1568 3403 1616 3449 pro
1628 3390 1784 3437 hereditaria
1795 3395 1870 3450 parte
1880 3392 2017 3453 secedere,
2040 3398 2069 3441 et

1223 3457 1330 3517 perinde
1341 3455 1430 3503 heberi
1438 3489 1445 3517 ,
1453 3466 1484 3501 ac
1494 3455 1516 3501 si
1527 3466 1561 3502 ex
1573 3457 1659 3504 tertiis
1670 3456 1788 3517 partibus
1799 3458 1907 3506 heredes
1918 3457 2010 3521 scripti
2023 3473 2067 3507 es.

1222 3527 1290 3588 seut,
1298 3529 1324 3571 et
1335 3536 1369 3569 ex
1380 3522 1493 3584 diverso,
1504 3522 1527 3569 si
1537 3522 1626 3584 piures
1635 3524 1663 3570 iu
1671 3524 1835 3584 portionibus
1845 3526 1908 3589 sint,
1918 3525 1998 3576 tacite
2009 3528 2068 3575 sin·

1223 3592 1292 3653 galis
1303 3593 1460 3652 decrescere,
1472 3592 1510 3653 ut,
1522 3591 1546 3638 si
1557 3591 1628 3639 serbi
1639 3594 1724 3653 gretia
1734 3597 1847 3651 quatuor
1859 3608 1892 3643 ex
1905 3594 1992 3642 tertiis
2004 3609 2068 3657 par-

1224 3661 1292 3707 tibas
1305 3658 1412 3708 heredes
1422 3658 1514 3718 scripti
1525 3660 1588 3722 sint,
1611 3662 1719 3722 perinde
1729 3661 1887 3726 habeantur,
1909 3675 1939 3709 ac
1949 3663 1971 3711 sl
1983 3676 2067 3711 unus·

1222 3729 1330 3786 quisque
1340 3740 1376 3775 ex
1386 3730 1480 3786 quassa
1490 3731 1563 3786 parte
1573 3731 1696 3790 scriptus·
1705 3730 1807 3778 luisset.
1847 3732 1870 3797 §-
1881 3735 1906 3780 s.
1928 3730 1963 3778 Et
1974 3730 1994 3779 si
2004 3732 2067 3791 plu-

1222 3810 1264 3844 res
1275 3796 1377 3860 unciae,
1389 3807 1465 3853 quam
1475 3795 1610 3845 duodecim
1625 3797 1787 3846 distributae
1798 3799 1865 3862 sint,
1885 3800 1924 3862 is,
1945 3799 1989 3858 qui
2006 3801 2066 3850 sine

1223 3869 1296 3925 parto
1308 3864 1448 3911 institutas
1459 3867 1507 3927 eet,
1518 3866 1587 3924 quod
1596 3866 1729 3927 dupondio
1741 3866 1813 3914 deest
1823 3868 1935 3932 habehit,
1946 3868 2066 3928 idemque

1222 3932 1287 3998 erit,
1305 3933 1329 3980 si
1339 3931 1486 3994 dupondius
1497 3936 1620 3993 expletus
1631 3936 1682 3995 sitq
1704 3946 1770 3994 qnae
1780 3946 1870 3983 omnes
1880 3941 1968 4000 partes
1979 3935 2012 3982 ad
2022 3951 2066 3986 as·

1222 4015 1274 4050 sem
1286 4005 1376 4065 postea
1388 4004 1560 4065 revocantur,
1578 4002 1694 4061 quamvls
1705 4002 1759 4050 sint
1776 4003 1890 4065 pluriam
1918 4004 2065 4055 anetarum.

1221 4071 1245 4130 t.
1257 4073 1281 4118 tl.
1300 4071 1382 4117 lieres
1395 4080 1459 4131 pure
1471 4076 1499 4119 et
1508 4070 1555 4116 sub
1568 4071 1720 4119 conditione
1733 4069 1838 4119 institui
1849 4076 1949 4135 potest;
1961 4085 1995 4120 ex
2007 4087 2066 4122 eer-

1220 4142 1249 4185 ta
1261 4141 1386 4200 tempore,
1397 4141 1443 4183 aut
1454 4138 1487 4187 ad
1498 4143 1597 4187 certum
1608 4144 1709 4201 tempus
1720 4152 1774 4188 uon
1785 4143 1887 4205 potest,
1900 4140 1996 4203 (veluti
2002 4148 2068 4205 post

1221 4208 1433 4271 quinquennium,
1444 4222 1521 4268 pense
1531 4209 1631 4256 nudor
1637 4240 1647 4266 ,
1658 4208 1701 4255 rel
1713 4222 1749 4256 es·
1758 4208 1884 4257 Kalendis
1893 4212 1956 4267 illis,
1966 4213 2011 4257 aut
2023 4223 2066 4258 sss-

1220 4290 1269 4338 qee
1279 4276 1316 4322 ad
1323 4275 1460 4322 Kalendas
1470 4279 1532 4324 illas
1541 4276 1618 4325 ireres
1628 4280 1706 4335 esto.)
1724 4276 1845 4335 lienium
1854 4277 1921 4328 diem
1934 4276 2066 4326 adlectum

1221 4344 1309 4391 baberi
1320 4354 1368 4403 pro
1379 4353 1540 4401 supervacuo
1551 4344 1651 4409 placet,
1672 4348 1700 4395 et
1709 4344 1817 4405 perinde
1830 4358 1900 4409 esse,
1924 4346 2066 4406 scripura

1220 4411 1296 4459 heres
1307 4411 1448 4458 institutus
1459 4416 1536 4460 esset.
1573 4414 1597 4474 t.
1612 4415 1651 4460 lo.
1670 4413 1841 4474 impossibilis
1852 4414 1969 4462 conditio
1981 4414 2008 4461 in
2022 4413 2063 4460 iu·

1220 4479 1405 4527 stitutionibas
1416 4482 1443 4526 et
1452 4480 1560 4543 legatis,
1572 4492 1620 4527 nec
1630 4494 1683 4528 non
1694 4481 1908 4544 fideicommissis,
1918 4486 1945 4529 et
1955 4482 2065 4529 liberta-

1220 4547 1290 4594 tibus
1301 4562 1349 4607 pro
1360 4558 1414 4594 nou
1425 4549 1523 4607 scripta
1531 4548 1652 4597 habetur.
1670 4551 1693 4611 ς.
1709 4551 1747 4597 ll.
1760 4548 1887 4611 sipiares
1898 4550 2064 4597 conditiones

1218 4616 1384 4664 institutioni
1396 4615 1543 4675 adscriptae
1554 4619 1624 4678 suut,
1635 4616 1658 4663 si
1670 4617 1774 4674 quidem
1785 4617 1955 4681 coniunctim,
1963 4620 1993 4665 at
2002 4622 2066 4680 puta

1220 4684 1241 4730 si
1253 4684 1319 4732 iliud
1327 4689 1354 4732 et
1365 4683 1432 4729 iilud
1443 4684 1539 4732 laetum
1549 4684 1617 4749 erit,
1629 4685 1750 4734 omnibus
1760 4685 1902 4745 parendum
1913 4691 1969 4744 est3
1987 4686 2009 4733 ei
2021 4698 2063 4733 se-

1220 4754 1345 4814 paratim,
1357 4751 1441 4798 veluti
1452 4753 1474 4799 si
1485 4753 1553 4801 illud
1562 4757 1608 4800 aut
1619 4753 1686 4801 iilud
1697 4754 1794 4801 iactum
1805 4754 1871 4817 erit,
1888 4755 1929 4801 cni
1940 4753 2005 4803 libet
2017 4752 2064 4801 ob-

1220 4819 1438 4880 temperamentis
1452 4823 1501 4869 est.
1531 4823 1556 4882 ς.
1570 4823 1609 4869 12.
1631 4822 1667 4885 ii,
1679 4834 1745 4881 quoe
1755 4833 1887 4878 nunquam
1900 4825 2012 4870 testator
2023 4820 2063 4869 ri·

1220 4888 1271 4952 dit,
1283 4889 1389 4936 heredes
1400 4887 1506 4937 institui
1517 4892 1636 4950 possunt,
1647 4889 1731 4937 relmi
1739 4889 1761 4935 si
1772 4888 1862 4936 trstris
1872 4889 1943 4937 dlioe
1954 4902 2064 4952 peregre

1219 4962 1305 5020 natos,
1316 4956 1440 5016 ignorans
1452 4959 1494 5016 qui
1506 4956 1719 5021 essent,heredes
1731 4956 1886 5004 instituerit.
1909 4956 2064 5019 ignorantia

1219 5024 1289 5072 euim
1300 5024 1423 5072 testantis
1433 5027 1555 5074 inutilem
1566 5024 1764 5074 institutionem
1774 5036 1828 5071 nou
1838 5025 1910 5074 tacit.

1325 5212 1381 5262 DE
1398 5122 1957 5261 VULGALIZbesKhUTmNE,

1225 5288 1228 5293 ’
1268 5297 1360 5344 Potest
1379 5300 1468 5343 summ
1494 5293 1552 5352 quis
1571 5293 1600 5340 in
1619 5296 1776 5343 testamento
1793 5310 1841 5344 suo
1860 5297 1949 5357 plures
1963 5294 2061 5357 'gradus

1218 5362 1339 5411 heredum
1350 5365 1444 5424 lacere,
1456 5364 1487 5408 ut
1494 5367 1557 5421 puta
1566 5364 1592 5410 ss‘
1599 5364 1644 5410 ilis
1652 5362 1729 5411 heres
1737 5378 1787 5412 non
1795 5367 1855 5422 erit,
1862 5360 1988 5415 illeiieres
1996 5370 2060 5420 esto,

1218 5434 1246 5477 et
1256 5430 1392 5493 deinceps,
1403 5428 1432 5476 lu
1442 5432 1566 5488 quantum
1577 5429 1643 5478 reiit
1654 5433 1782 5495 testator,
1793 5426 2058 5493 substitueriipotest,

1218 5499 1246 5544 et
1266 5498 1412 5546 novissimo
1428 5497 1488 5546 loeo
1506 5498 1535 5545 in
1551 5498 1696 5545 subsidium
1713 5499 1755 5547 rel
1771 5512 1874 5547 serrum
1885 5498 2059 5548 necessarium

1219 5563 1339 5613 heredem
1351 5565 1503 5613 instituere.
1543 5567 1566 5628 5.
1582 5568 1604 5613 l.
1626 5564 1661 5612 Et
1671 5564 1760 5627 piures
1771 5566 1800 5614 in
1811 5568 1890 5616 nnius
1900 5569 1987 5615 locum
1997 5576 2059 5626 pos·
2159 5549 2160 5617 i

1199 5644 1204 5651 ’
1218 5634 1279 5679 snat
1289 5633 1427 5695 substitui,
1446 5633 1489 5681 vel
1498 5646 1566 5681 unns
1576 5633 1604 5680 in
1615 5633 1747 5697 plurium,
1773 5634 1816 5682 rei
1826 5635 1924 5697 singuli
1936 5632 2057 5695 singulis,

1217 5699 1260 5749 sel
1271 5701 1384 5750 invicem
1394 5701 1445 5761 ipsi
1468 5702 1511 5759 qui
1523 5701 1631 5749 heredes
1638 5700 1754 5748 instituti
1765 5706 1835 5751 sunt.
1871 5706 1894 5766 ς.
1907 5707 1931 5750 2.
1942 5702 1978 5749 Et
1988 5701 2010 5748 st
2022 5711 2057 5748 ex

1217 5758 1363 5828 disparibus
1380 5737 1498 5830 partihus
1512 5769 1621 5817 heredes
1638 5768 1750 5829 scriptos
1761 5769 1872 5820 invicem
1883 5766 2055 5831 substituerit,

1216 5839 1243 5883 et
1260 5837 1361 5887 nauem
1376 5838 1538 5887 mentionem
1551 5837 1581 5884 la
1596 5836 1786 5887 substitutione
1800 5838 1914 5901 partiam
1926 5834 2054 5903 labuerit,
