4336 6424
394 353 451 406 004
737 342 824 393 nin.
854 340 947 393 xnv.
979 336 1002 390 1.
1049 337 1106 391 on
1143 335 1386 393 vernonum
1423 336 1805 395 onnrun'rtnnrnon

395 492 438 552 ogi
449 488 591 550 apparebit,
611 482 814 542 intelligendum
824 483 873 543 est,
893 492 1026 540 uunquam
1036 492 1184 541 persenam,
1195 476 1247 525 nisi
1284 491 1324 526 me
1335 478 1483 541 adoptarit,
1502 478 1570 541 nihil
1581 478 1644 527 iueit
1655 481 1745 527 eontra
1754 482 1825 529 rerha
1835 484 1989 553 stipulationis,
2003 504 2053 550 qm.

394 558 573 618 espresrasit.
609 555 633 613 d.
645 555 669 601 3.
690 551 720 598 Si
731 550 767 598 its
782 549 922 609 stipulatus
939 551 1030 597 luero:
1053 553 1078 596 te
1088 548 1147 594 sisti
1158 553 1184 594 et
1195 546 1248 593 nisi
1285 546 1370 594 utitur
1381 547 1469 606 patrio
1480 546 1548 609 iure,
1565 547 1593 593 in
1604 561 1646 611 eo,
1664 548 1903 615 quihaeeaealeeit,
1913 555 2054 617 lieetsupme.

394 628 504 683 stiteris,
522 622 621 684 aliquid
631 620 697 682 dari,
719 619 785 677 quod
796 618 960 678 promittenti
971 617 1132 676 impossibile
1143 612 1192 679 es't,
1203 615 1248 663 de-
1285 627 1343 678 eun,
1354 615 1406 662 diei
1419 619 1504 663 umen
1515 615 1623 678 poterit,
1632 616 2054 687 commisssmessestipulutioneu.t.l.

395 700 481 743 tracto
491 692 604 740 secunda
615 689 789 748 stipulatione
809 688 881 746 prior
891 688 979 733 monet
989 686 1078 743 utilie,
1103 688 1130 731 et
1141 684 1248 744 perinde
1284 683 1485 730 Filiuslamilias
1496 683 1535 730 ita
1544 683 1686 743 stipulatus
1696 688 1750 731 est:
1769 694 1884 746 pumen
1896 695 2053 747 partemne·

395 763 457 824 erit,
468 777 498 811 ae
508 762 530 807 si
543 766 569 808 te
580 758 637 806 sisti
649 756 788 815 stipulatus
801 769 892 802 essem·
1285 748 1491 813 credidere,fide
1501 759 1551 798 tues
1562 764 1618 799 esse
1627 750 1717 799 tudes?
1726 756 1752 799 et
1762 754 1919 814 emancipatus
1926 760 2015 807 eredidit.
2024 763 2055 809 le

442 830 567 876 cxxvtl.
592 824 835 874 Scaevolesls'bro
851 821 1083 879 Rornanorum.
1096 820 1124 866 Si
1136 819 1248 878 pupillus
1285 819 1321 866 tri
1331 833 1385 865 uon
1396 820 1501 866 debebit
1512 818 1658 882 fideiussor,
1673 819 1735 878 quia
1744 833 1791 867 uee
1800 835 1854 868 reus
1863 824 1885 869 ei
1894 827 1983 872 tenetur.

396 898 454 946 sine
465 897 561 944 tutoris
571 894 727 941 auctoritate
739 888 1013 950 Stieirnm'promittat,
1034 892 1061 935 et
1071 888 1249 934 fideiussorem
1335 886 1476 932 cxxxiii.
1497 886 1669 935 Scaevoia
1686 889 1753 934 libre
1774 888 1851 935 x111.
1867 892 2016 949 maceriem„
2038 897 2054 942 si

397 966 505 1025 dederit,
517 977 608 1011 servus
618 967 703 1007 aulem
716 964 773 1020 post
785 971 881 1004 moram
894 957 1019 1015 apnpillu
1031 958 1123 1003 laetam
1133 955 1249 1015 decedat,
1285 953 1323 1000 sie
1333 954 1473 1013 stipulatus
1485 954 1549 1002 sim:
1569 968 1652 1016 seque
1659 970 1710 1015 per
1720 962 1745 1003 te
1752 989 1760 1016 ,
1779 970 1854 1016 seque
1865 959 2054 1017 perdendum„

398 1047 446 1081 neo
458 1034 595 1083 fideiussor
605 1030 656 1077 erit
677 1036 784 1086 propter
803 1027 895 1091 pupilli
907 1038 1003 1070 morum
1015 1025 1157 1082 obligatus,
1177 1022 1250 1069 nullu
1284 1021 1406 1080 oimfiers'
1414 1019 1543 1081 spondes!
1563 1027 1590 1068 et
1601 1022 1652 1084 egi,
1673 1023 1740 1083 quod
1748 1023 1808 1069 mihi
1820 1024 1865 1070 rim
1875 1026 1960 1088 teeeris,
1975 1036 2053 1076 reneri·

398 1102 467 1150 enim
480 1097 641 1158 intelligitur
653 1110 725 1142 moro
736 1094 772 1141 ibi
785 1092 855 1155 lieri,
877 1093 919 1139 ubi
930 1093 1005 1138 nullo
1018 1091 1111 1150 petitio
1123 1094 1170 1151 est,
1191 1103 1248 1137 esse
1284 1090 1478 1138 meretricium
1490 1089 1592 1136 heredis
1602 1090 1630 1136 in
1641 1090 1822 1149 stipulatione,
1841 1099 1922 1140 namet
1930 1096 2055 1154 exipsiuspe·

399 1174 484 1216 autern
494 1168 672 1214 fideiussorem
686 1164 828 1221 obligatum
838 1163 869 1207 ad
881 1162 940 1221 hoe,
959 1165 985 1207 ut
997 1161 1058 1206 rivo
1068 1160 1172 1206 bomine
1186 1171 1249 1205 eon·
1285 1157 1396 1203 nteriore
1418 1158 1442 1203 ri
1459 1162 1545 1216 potest
1557 1158 1684 1205 eummitti
1697 1158 1844 1217 stipulatio,
1863 1162 2055 1209 noueuinsdunsn

398 1238 529 1295 venietur,
547 1237 588 1281 rel
600 1248 632 1281 en
646 1246 717 1278 rnorn
728 1243 773 1276 sua
784 1236 883 1288 postea.
1286 1224 1337 1271 risu
1348 1229 1447 1271 tantum
1458 1225 1584 1283 pertinet.
1620 1227 1685 1272 Nam
1695 1227 1763 1273 sieut
1774 1230 1799 1273 et
1815 1227 1888 1285 ipsius
1897 1228 1949 1290 sira,
1964 1230 2054 1276 etheredi

451 1304 589 1349 cxxviii.
609 1301 737 1348 Paulus
752 1297 1068 1355 tieroxeuassstenum.
1104 1292 1247 1341 strueret
1285 1292 1363 1355 capit,
1374 1293 1413 1339 ita
1423 1298 1449 1340 et
1460 1293 1542 1353 ipsius
1556 1294 1607 1341 vira
1619 1293 1661 1340 rel
1672 1294 1776 1354 saepius
1787 1294 1873 1341 laetam
1882 1296 2053 1359 eompleetitur,st

399 1371 541 1431 stipulaudi
552 1371 591 1417 itu
601 1368 775 1426 exstitissent,
788 1369 816 1411 ut
827 1360 894 1410 ulier
905 1365 1016 1424 utiliter,
1038 1363 1106 1409 aiter
1117 1362 1250 1409 inutiliter
1286 1360 1484 1423 condemnetur,
1505 1361 1596 1418 quanti
1614 1362 1734 1409 interest.
1764 1361 1817 1408 Aut
1827 1362 1848 1409 si
1859 1363 1892 1409 sie
1901 1365 2052 1411 solumnslsrtsa

399 1440 580 1501 stipularetur,
591 1438 625 1501 ei,
637 1436 679 1495 qui
692 1448 744 1481 non
757 1433 833 1479 habet
845 1434 1027 1490 promitterem
1035 1430 1185 1489 obligatum,
1196 1442 1249 1474 non
1286 1441 1341 1475 esse
1352 1428 1561 1490 stipulationem,
1581 1443 1662 1491 aeque
1670 1436 1769 1489 perte,
1788 1443 1864 1491 nepae
1871 1431 2052 1490 periermeniae

398 1514 470 1557 reete
481 1507 609 1567 solvitur,
631 1505 692 1564 quia
713 1515 766 1548 non
777 1501 885 1546 ulterior
897 1500 1002 1545 nomine
1023 1500 1046 1544 oi
1058 1494 1186 1554 solvitur,
1205 1497 1249 1542 sed
1278 1494 1354 1557 fieri,
1365 1501 1393 1541 ut
1404 1498 1435 1543 ad
1447 1510 1524 1542 unam
1537 1497 1587 1544 rim
1599 1497 1705 1556 primaru
1716 1497 1856 1559 pertinent,
1870 1498 1889 1544 si
1900 1499 1940 1545 riui
1947 1501 2052 1559 lerrritu·

400 1588 464 1624 suae
475 1574 654 1632 obligationis,
676 1568 883 1627 quuenullaest.
920 1568 1015 1612 Eadem
1027 1568 1130 1612 ratione
1140 1564 1249 1620 quisti·
1286 1562 1354 1620 plius
1365 1577 1399 1610 ex
1411 1565 1514 1612 heredis
1526 1568 1596 1611 laetu
1609 1564 1734 1611 committi
1751 1577 1806 1609 uon
1821 1566 2053 1625 possitlergosirelss

400 1645 475 1691 elium
487 1649 531 1688 out
542 1640 701 1700 Penipnilum
712 1638 860 1696 stipulatur,
879 1635 901 1680 si
913 1635 940 1680 in
953 1648 1031 1680 unum
1042 1630 1191 1678 eorrstiterit
1203 1632 1247 1676 ob·
1286 1632 1320 1675 sit
1343 1633 1414 1689 quasi
1436 1646 1470 1680 ex
1485 1633 1570 1691 ipsius
1587 1632 1628 1696 ri,
1648 1636 1705 1679 tuta
1718 1641 1854 1680 consumta
1868 1633 1913 1680 siti
1929 1633 1977 1689 quod
1985 1647 2021 1680 ses
2030 1638 2053 1680 est

399 1710 505 1770 ligolio,
527 1710 586 1766 qnia
606 1709 673 1754 nlter
694 1703 932 1763 stipulntoriserat,
955 1703 1031 1748 etiam
1043 1700 1064 1746 si
1076 1700 1183 1746 desierit
1194 1700 1249 1743 eius
1286 1711 1384 1744 rerum.
1816 1736 1820 1743 ,

402 1792 470 1838 esse,
493 1791 546 1823 non
559 1781 630 1823 reete
641 1773 761 1833 uoluitur,
777 1771 836 1828 quia
848 1777 956 1829 utreque
966 1783 1008 1815 ros
1019 1769 1051 1814 od
1062 1767 1249 1826 obligationem
1336 1765 1474 1812 CXXXW.
1492 1766 2054 1829 PressiusiidroXV.Responsorss.l'ilis,qure

401 1847 520 1908 ponitur,
532 1859 586 1891 non
599 1844 630 1889 ud
642 1841 808 1887 solutionem.
1286 1845 1320 1879 ex
1341 1833 1394 1881 otio
1411 1834 1493 1881 lilium
1508 1834 1631 1897 debebat,
1651 1837 1679 1883 in
1695 1837 1885 1884 matrimonium
1902 1836 1946 1882 eeiil
1957 1835 1998 1881 une
2012 1835 2055 1881 Seio

456 1913 571 1960 cxxiii.
592 1913 657 1957 Sea
665 1909 764 1955 erola
774 1907 840 1952 libro
851 1904 918 1950 XII.
932 1905 1126 1962 percurrerem.
1153 1901 1181 1947 Si
1193 1900 1250 1959 quis
1287 1902 1390 1947 habenti
1402 1902 1484 1955 tiliam
1494 1908 1520 1948 et
1532 1907 1648 1962 tempore
1658 1904 1822 1951 matrimonii
1832 1908 1982 1963 eousesserrst,
1991 1902 2056 1948 stilis

401 1983 440 2031 ita
451 1982 590 2040 stipulatus
601 1976 697 2024 luerit:
714 1976 800 2021 elecem
812 1985 909 2019 aureos
917 1972 1001 2033 dadis,
1024 1974 1048 2018 ss*
1056 1973 1132 2018 navit
1141 1970 1250 2025 venerit,
1287 1969 1343 2014 cuii
1354 1969 1410 2015 Seii
1420 1969 1477 2016 sulio
1489 1971 1575 2016 Titiae
1586 1972 1803 2032 desponderetur,
1813 1976 1840 2020 et
1851 1972 2017 2031 iuterpodluaesl
2025 1969 2054 2015 ie

401 2057 430 2099 et
451 2051 534 2096 Titius
554 2047 651 2110 courel
662 2047 759 2110 fuctus
779 2040 835 2089 etl
856 2052 910 2085 non
926 2040 992 2085 alias
1009 2040 1120 2098 dubitor,
1142 2050 1217 2096 quiam
1228 2036 1250 2081 si
1287 2038 1611 2098 strumentum,etedieeta
1620 2054 1714 2102 poena,
1725 2040 1748 2086 si
1760 2037 2053 2101 quiseorumnupti'siaped·

401 2118 646 2174 utrumqueluelum
658 2113 701 2158 rit.
739 2112 802 2155 ltern
814 2109 841 2153 in
852 2107 1024 2154 eontrarium:
1047 2107 1113 2153 dere
1132 2104 1250 2165 spondes,
1287 2108 1375 2151 mento
1392 2104 1501 2163 luisset,
1522 2111 1616 2165 postea
1626 2110 1705 2156 caius
1721 2110 1799 2155 seius
1817 2106 2053 2155 eorustsoteastn'aesio

402 2190 427 2235 si
435 2201 481 2233 nee
490 2187 566 2231 ueris
576 2184 690 2236 reseris,
710 2191 756 2223 aee
770 2178 852 2222 Titius
864 2175 1057 2237 Coneulseetus
1068 2169 1122 2220 eit?
1143 2174 1251 2229 erigen—
1288 2172 1354 2217 diem
1367 2185 1440 2218 suum
1452 2172 1531 2235 obiit,
1553 2178 1580 2221 et
1596 2175 1652 2222 lilia
1662 2177 1718 2223 eius
1729 2177 1819 2223 noluit
1830 2179 1926 2223 nubere.
1948 2179 2023 2231 Quare:
2035 2184 2056 2217 ur

403 2256 463 2300 dum
475 2253 534 2312 erit,
547 2256 575 2297 ut
587 2253 705 2296 neutrum
718 2247 812 2293 laetum
824 2243 867 2289 sit.
879 2243 946 2287 lluie
956 2242 1048 2287 similis
1060 2241 1188 2298 scripturo
1199 2243 1251 2284 est:
1288 2240 1343 2285 cuii
1355 2239 1409 2285 Seii
1420 2240 1528 2287 heredes
1540 2246 1679 2293 terrermtur
1688 2259 1723 2292 ex
1733 2242 1917 2303 stipulatiuaei
1927 2241 2058 2302 ltesposdihet

404 2325 428 2369 ee·
436 2334 517 2381 neque
528 2321 604 2364 necin
615 2319 692 2373 renti,
714 2326 795 2372 neque
809 2312 891 2357 litias
902 2311 1095 2374 Coernifaetus
1106 2309 1165 2354 ert!
1184 2308 1219 2351 At
1230 2306 1251 2351 si
1288 2307 1467 2368 stipulatione,
1478 2321 1542 2365 quse
1551 2316 1753 2370 proponeretur,
1764 2326 1841 2373 quum
1850 2310 2058 2359 peremti-tun

404 2388 457 2434 sic:
480 2386 564 2441 debir,
586 2388 610 2430 si
624 2385 701 2429 neuin
712 2381 821 2434 renem't,
840 2385 890 2424 aut
904 2380 986 2422 Titine
998 2378 1189 2440 Conertlfuetee
1200 2376 1252 2422 sill
1288 2387 1373 2420 moros
1382 2374 1540 2434 interposita
1550 2381 1598 2440 uit,
1621 2382 1708 2440 agenti
1721 2380 1900 2441 exceptionem
1907 2377 2058 2426 doliaaliotra

404 2452 703 2502 suffieituuumlacturn.
736 2447 771 2491 Et
782 2445 979 2503 eorrtruzdehir,
991 2448 1017 2491 si
1025 2445 1103 2490 neeis
1112 2457 1162 2489 nors
1173 2444 1253 2497 verrit,
1289 2448 1381 2504 turum,
1401 2444 1461 2500 quia
1472 2445 1639 2495 inhonestum
1649 2449 1733 2495 visum
1744 2453 1801 2512 est,
1821 2448 1921 2496 viuculo
1930 2442 2059 2507 poessemhi

404 2528 454 2571 aut
466 2521 549 2567 Titius
561 2519 752 2582 Cessutsaetus
761 2528 812 2560 eos
822 2511 881 2560 ert.²
891 2512 992 2574 suflicit,
1005 2524 1084 2558 unum
1094 2510 1254 2558 nonfurtum
1289 2510 1378 2555 monia
1388 2511 1526 2575 obstringi,
1538 2513 1594 2561 sire
1604 2517 1700 2580 futura,
1712 2517 1771 2564 slve
1782 2517 1834 2564 iam
1843 2518 1964 2563 menneo
1974 2515 1991 2573 h
2000 2514 2014 2557 l·
2021 2512 2059 2556 lit!

404 2602 470 2638 esse.
1289 2578 1437 2637 respoudit:
1457 2581 1611 2643 plerumque
1622 2595 1669 2648 es,
1690 2598 1756 2642 quae
1769 2578 2060 2645 praelationibusreuresist

455 2651 557 2703 CXXX.
575 2651 774 2703 rontemnere
786 2646 847 2695 XV.
857 2650 1051 2706 Quaestionum.
1062 2647 1139 2704 Quod
1148 2647 1254 2707 dieitur,
1289 2646 1484 2709 concipiuntur,
1504 2650 1584 2697 etium
1598 2651 1628 2698 in
1637 2653 1853 2712 stipulationibus
1866 2652 1964 2712 repetils
1970 2648 2061 2703 adniti,

402 2728 502 2786 patrem
514 2725 570 2770 tilio
582 2724 684 2769 utiliter
696 2718 825 2780 stipulari,
842 2716 912 2773 qunsi
925 2716 974 2761 sibi
987 2714 1033 2762 ille
1044 2715 1194 2774 stipuletur,
1206 2716 1254 2761 lieo
1289 2713 1327 2759 sie
1338 2719 1431 2777 tamen,
1443 2718 1471 2761 ut
1484 2728 1538 2764 non
1550 2731 1583 2767 ex
1597 2732 1629 2766 es
1639 2721 1800 2781 repetitione
1810 2720 1909 2768 inutilis
1917 2714 2060 2771 edeisterips

403 2793 574 2841 tnhisverum
586 2798 633 2852 est,
646 2790 868 2849 quoeiurirsunt,
879 2796 993 2842 quaeque
1005 2784 1103 2841 acquiri
1116 2783 1253 2842 petripos-
1288 2782 1364 2828 latio.
1399 2785 1461 2843 Μ.
1483 2784 1553 2833 ldstn
1569 2788 1719 2846 respondit:
1737 2788 1947 2849 quamseptieius
1960 2780 2061 2831 nertin

405 2865 480 2908 sunt:
502 2861 619 2916 alioquin
631 2859 652 2903 ui
665 2859 758 2903 lucium
770 2856 920 2902 conteretur
931 2850 958 2895 in
968 2863 1104 2909 personam
1114 2850 1171 2911 lilii,
1194 2851 1253 2896 inu·
1287 2854 1480 2910 praestaturum
1492 2864 1520 2900 se
1531 2856 1632 2903 eararit
1644 2856 1783 2917 pecuniosa
1799 2860 1826 2904 et
1841 2869 1927 2904 mures
1935 2854 1980 2902 eius
1988 2850 2061 2903 suissi

405 2928 462 2975 tilis
474 2926 525 2973 erit
537 2927 680 2985 stipulatio,
694 2925 774 2970 reluii
787 2930 814 2969 ut
826 2928 915 2969 terrere
928 2921 961 2982 ei,
975 2919 1015 2964 vel
1027 2918 1065 2965 ire
1073 2932 1154 2976 ogere
1164 2917 1251 2964 liceat.
1289 2930 1353 2974 uuae
1365 2919 1431 2977 opud
1441 2920 1620 2980 Sempronium
1637 2925 1772 2984 depositae
1788 2925 1853 2988 sint,
1874 2922 2061 2979 dirmetum

344 3020 349 3029 ·
405 2997 599 3042 cuntreuutein
618 2994 689 3039 filino
711 2993 788 3037 etium
810 2995 839 3036 ut
859 2992 898 3036 ire
915 2986 1252 3049 agerepatrilieeatstipu-
1288 2988 1375 3032 aetum
1385 2992 1433 3049 est,
1449 2988 1649 3050 intelligendum
1660 2988 2060 3054 ermmsputenueiiriuipee

404 3064 484 3110 lando
496 3062 611 3120 uepuiret
622 3063 660 3119 ei;
678 3060 754 3105 immo
766 3063 792 3105 et
802 3060 869 3117 quod
881 3057 994 3103 insuam
1004 3070 1139 3117 personam
1150 3055 1253 3103 euntes·-
1288 3053 1354 3100 sisse
1367 3056 1446 3102 verba
1455 3057 1645 3115 stipulationis.
1657 3062 1681 3122 ς.
1692 3064 1716 3110 d.
1728 3062 1800 3110 ldem
1810 3060 1949 3121 respondit:
1956 3051 2061 3116 quotiesrb

405 3143 435 3179 re
445 3144 498 3178 uon
508 3134 601 3189 protest,
613 3127 660 3174 lioc
671 3128 736 3186 putri
748 3128 872 3182 acquiret.
1289 3122 1362 3169 ribus
1373 3123 1523 3182 specialiter
1536 3127 1619 3186 paetis
1636 3129 1773 3189 stipulatio
1790 3142 1845 3176 una
1860 3128 1966 3176 omnbus
1974 3121 2061 3171 odibili·

457 3198 572 3245 chlil.
590 3196 758 3242 Scaevoia
769 3195 835 3240 libro
847 3193 930 3240 xm.
946 3195 1139 3252 Quaeetiennss.
1171 3189 1253 3237 lulis-
1289 3191 1405 3247 quamvis
1416 3205 1467 3238 uns
1475 3193 1653 3255 interrogatio
1670 3201 1697 3244 et
1713 3210 1868 3257 trepontum
1881 3208 1952 3243 unum
1963 3190 2061 3240 eninm

405 3277 457 3312 nus
467 3265 585 3324 scripsit:
606 3264 628 3309 si
640 3276 723 3319 sieque
735 3276 779 3319 per
791 3266 824 3323 te,
843 3273 927 3319 neque
938 3274 984 3319 per
995 3261 1114 3309 heredem
1125 3263 1196 3305 trmm
1208 3259 1254 3303 Ti*
1288 3261 1374 3304 tumen
1386 3259 1493 3318 perinde
1504 3261 1609 3323 haberi,
1625 3277 1658 3312 se
1672 3267 1695 3313 si
1706 3266 1830 3326 singulae
1839 3266 1932 3326 species
1941 3256 2061 3319 resupinis

406 3334 472 3381 lium
483 3333 550 3390 lieri,
570 3345 620 3389 quo
633 3331 718 3377 miuron
730 3330 790 3375 mibi
802 3328 840 3375 ire
851 3328 942 3390 liceat,
963 3328 1083 3387 stipuler,
1103 3340 1157 3374 non
1169 3326 1254 3374 solnm
1287 3339 1349 3373 aem
1359 3327 1482 3375 deductae
1492 3330 1612 3379 iniereat.

407 3401 506 3448 Titium
518 3401 610 3459 teneri,
622 3398 645 3444 si
656 3397 800 3457 probibent,
812 3397 857 3442 sed
866 3395 945 3442 etiam
957 3397 1096 3444 coheredes
1106 3394 1169 3442 eius.
1193 3395 1216 3453 h.
1231 3395 1252 3439 l.
1340 3394 1464 3442 CXXXV.
1484 3397 1659 3448 sescenta
1669 3388 2062 3464 recommemorando*

355 3520 359 3525 ,
405 3468 460 3522 (lui
471 3468 579 3514 luridum
589 3466 638 3512 sibi
650 3471 693 3512 eut
705 3465 775 3510 Titio
787 3463 843 3510 deri
854 3463 1004 3525 stipulatur,
1025 3463 1142 3521 quamuis
1160 3462 1254 3510 londos
1289 3462 1547 3522 promiseritrdeeees
1558 3464 2063 3532 tihidade,pudtepetien‘s,etum*

405 3535 478 3582 Titio
490 3535 600 3581 traditus
610 3534 651 3595 sit,
668 3532 751 3579 nihilo
763 3533 846 3578 minius
856 3535 945 3590 petere
956 3531 1064 3579 tandum
1074 3533 1169 3591 potest,
1181 3535 1210 3578 ut
1218 3528 1254 3575 sl·
1290 3543 1338 3579 ras
1348 3532 1374 3577 in
1385 3531 1438 3578 dies
1449 3534 1573 3598 triginta,
1595 3548 1704 3592 queem:
1724 3549 1822 3585 usone
1834 3544 1916 3585 utrum
1925 3547 1957 3581 es
1965 3525 2063 3586 desid

406 3602 431 3650 ei
444 3603 475 3650 de
487 3602 616 3650 erietione
629 3601 810 3660 promittatur,
829 3613 889 3647 nam
899 3600 1010 3646 interest
1019 3601 1092 3662 eius,
1112 3600 1173 3658 quia
1182 3610 1254 3645 men-
1290 3597 1380 3660 tionis,
1392 3612 1425 3645 an
1436 3613 1470 3647 ex
1481 3600 1531 3663 die,
1542 3604 1841 3669 quapetitasorsluerit,
1851 3600 2064 3654 dehesnlurllm*

406 3670 461 3717 dati
472 3670 577 3717 actione
587 3669 694 3716 luridum
712 3673 865 3727 recepturus
886 3666 947 3714 sita
960 3667 1042 3715 Titio.
1077 3667 1129 3714 Sed
1139 3667 1161 3713 si
1173 3668 1255 3713 dona·
1290 3666 1342 3714 dit:
1363 3666 1552 3732 seeundumea,
1573 3683 1638 3730 quae
1647 3678 1871 3737 proponerentur,
1890 3685 1922 3720 ex
1932 3662 2064 3726 diestipdstit

405 3735 490 3785 tionis
500 3751 578 3785 causa
589 3736 689 3783 Titium
700 3735 867 3800 interposuit,
889 3736 999 3799 dicetur,
1020 3734 1162 3782 traditione
1172 3738 1254 3794 proti·
1290 3733 1331 3779 nis
1352 3733 1450 3797 deberi,
1469 3736 1522 3783 nisi
1541 3737 1613 3785 aliud
1622 3744 1707 3787 amum
1726 3742 1867 3789 manifeste
1877 3739 2013 3800 probaretur.
2033 3727 2063 3789 il*

406 3816 456 3851 nus
467 3818 539 3852 reum
550 3805 668 3852 liberari.
1290 3803 1506 3860 ltemquoesitum
1517 3805 2064 3868 essequourlnpeeuniemredderetetetert·

457 3870 585 3917 cxxxii.
606 3871 736 3918 Pontes
755 3870 822 3918 libre
837 3871 898 3919 XV.
922 3871 1115 3930 Quaestionem.
1145 3869 1255 3924 Quidam
1286 3869 1534 3931 primumpetr‘err'tl
1553 3874 1709 3934 lteeponditg
1729 3879 1821 3940 verne,
1843 3870 2064 3934 queepreposerestn

406 3950 485 3998 quum
494 3938 578 3986 tilium
589 3938 701 3985 alienum
712 3939 863 3999 surriperet,
875 3938 987 3986 tradenti
997 3938 1254 3997 promiserateertam
1289 3949 1322 3982 er
1333 3936 1384 4001 die,
1404 3950 1455 3994 quo
1477 3940 1613 3998 stipulatio
1633 3945 1702 3991 taeta
1712 3950 1792 4007 esset,
1815 3944 1916 3992 initium
1926 3953 2005 4001 espesr·
2026 3933 2040 3992 i
2052 3931 2064 3975 ²

405 4005 533 4066 pecuniae
543 4006 721 4069 quantitatem,
743 4006 766 4052 si
777 4020 836 4054 eum
846 4007 931 4063 aliter,
948 4005 1254 4064 qusmutliliumubser-
1290 4004 1523 4055 selemnitlmeio
1534 4009 1616 4073 Titio,
1635 4010 1705 4068 quod
1721 4013 1863 4060 mandente
1881 4002 2066 4059 renormat-t

405 4078 502 4125 resset.
538 4080 656 4134 Quaero:
678 4073 699 4120 sl
711 4076 872 4133 postmodum
883 4077 959 4122 demo
970 4088 1028 4121 eum
1036 4072 1191 4135 propulerit,
1212 4072 1253 4119 rel
1288 4085 1366 4132 quum
1376 4073 1488 4132 pretium
1499 4071 2065 4137 emneeumusdrisaheereeeplmetseitt·

403 4144 521 4194 mortens
531 4144 599 4193 nihil
610 4145 635 4191 ei
646 4144 802 4191 testamento
819 4141 971 4202 reliquerit,
992 4155 1025 4187 nn
1037 4141 1174 4201 stipulatio
1185 4153 1254 4188 eom·
1289 4140 1476 4199 proprietatem
1485 4143 1624 4194 hortorum
1634 4129 2066 4210 translatarum,deindeineontitt·⁵
2112 4182 2113 4187 ,

403 4211 534 4273 mittetur,
554 4212 652 4273 etquid
663 4211 776 4273 intersit,
796 4215 882 4258 utrum
892 4210 1144 4271 fllius,aaulumnus
1156 4206 1198 4256 rel
1208 4221 1254 4254 eo·
1289 4208 1358 4255 inter
1368 4212 1503 4268 utrumque
1514 4214 1647 4278 convenit,
1665 4218 1696 4262 ut
1706 4216 1777 4264 intra
1787 4204 2067 4272 Keterdmnprilesri·
2112 4190 2113 4239 Ὺ

404 4284 500 4341 gnotus
518 4283 623 4342 aperitis
645 4279 745 4328 lueriti
766 4279 905 4328 Praeterea
922 4290 1033 4336 qunero:
1054 4277 1167 4324 sitilium
1181 4288 1255 4322 suum
1290 4276 1435 4325 universam
1445 4290 1566 4330 summam
1577 4284 1713 4333 mandator
1722 4288 1880 4345 numeraret,
1899 4270 2066 4328 aunemundo*

404 4348 462 4405 quis
478 4349 597 4409 legitime
607 4349 635 4395 in
648 4347 812 4408 adoptionem
825 4347 938 4407 dederit,
959 4350 985 4393 et
997 4347 1043 4408 its,
1063 4348 1091 4392 ut
1103 4357 1180 4404 snpra
1189 4343 1254 4391 seri·
1288 4347 1338 4392 ret.
1350 4345 1505 4399 Quaeritur:
1516 4362 1594 4409 quum
1603 4356 1665 4401 ente
1674 4353 1806 4402 Mendes
1812 4351 1914 4413 Apriles
1923 4362 1969 4397 aon
1978 4348 2067 4398 wli*

403 4420 475 4475 ptum
487 4420 536 4479 est,
557 4414 694 4477 stipulatio
705 4415 896 4473 intercurrerit,
917 4426 1025 4472 eumque
1036 4418 1107 4472 pater
1117 4412 1254 4472 adoptirns
1289 4412 1353 4460 lium
1364 4427 1419 4461 cum
1430 4416 1514 4463 usuris
1525 4431 1541 4463 a
1551 4420 1631 4467 braio
1645 4421 1717 4468 'litio
1729 4420 1807 4468 Seiae
1826 4420 1936 4468 solemn
1944 4416 1984 4477 sit,
1999 4413 2068 4464 hiep*

403 4484 605 4533 exheredarerlt
626 4483 667 4530 rol
684 4482 895 4543 emancipaverit,
916 4468 1254 4541 anstipulutioieommitte·
1288 4481 1340 4527 situ
1351 4484 1439 4529 temen
1457 4485 1556 4532 modieo
1577 4490 1693 4547 tempore
1713 4489 1843 4548 reliquum
1860 4470 2067 4548 preuoneum't

404 4553 463 4598 turi
484 4548 628 4612 ltespeudi:
647 4549 780 4610 stipulatio
794 4551 867 4597 utilis
879 4552 919 4597 est
928 4550 955 4597 in
967 4554 1076 4606 unoque
1089 4561 1161 4608 easu3
1174 4548 1255 4608 igitur
1288 4549 1457 4598 Seiae'l'itiue
1467 4550 1570 4601 solvere
1581 4561 1686 4614 paratus
1697 4556 1788 4619 tuerit,
1799 4549 2068 4617 nequeSelsaeeipfftl*

404 4617 427 4666 si
438 4625 529 4667 eontra
540 4618 740 4668 conventionem
752 4619 846 4665 luctum
857 4617 900 4680 sit,
920 4618 1096 4665 committetur
1107 4617 1253 4676 stipulatio.
1287 4616 1375 4678 luerit,
1388 4622 1415 4665 et
1424 4632 1506 4680 nsque
1517 4620 1544 4667 ln
1555 4620 1708 4671 hodiernum
1718 4637 1764 4683 per
1774 4624 1877 4672 Titium
1886 4606 2067 4677 noustet,r¹⁰¹⁵·

405 4686 457 4733 Sed
468 4687 598 4734 videamus
609 4688 718 4747 primum
732 4684 808 4743 ineo,
819 4687 861 4746 qai
871 4685 988 4745 legitime
998 4685 1142 4746 adoptarit,
1154 4698 1187 4732 an
1194 4697 1254 4744 pos-
1287 4697 1337 4730 nus
1346 4685 1474 4746 reliquum
1483 4688 1577 4752 solvat,
1589 4703 1633 4749 an,
1643 4691 1666 4738 si
1677 4691 1761 4739 nihilo
1771 4672 2068 4739 minusbueiuelitisslt'*

406 4753 439 4798 sit
452 4756 587 4813 committi,
600 4755 621 4801 si
634 4767 691 4801 eum
700 4753 899 4802 exheredarerit
910 4752 1178 4812 relemaueipareritl
1191 4754 1254 4799 haee
1287 4753 1437 4802 universum
1447 4757 1581 4817 pecuniam
1591 4759 1695 4808 solvere
1704 4763 1810 4819 paratus
1821 4760 1866 4818 sit,
1876 4771 1909 4806 ex
1918 4752 2068 4815 stipulstttllli

406 4821 473 4867 einim
485 4829 558 4879 pater
568 4823 638 4871 eirea
647 4821 728 4868 lilium
742 4822 810 4870 solet
821 4823 922 4883 iacere,
940 4822 1019 4881 igitur
1030 4834 1083 4868 non
1095 4821 1173 4868 aliter
1184 4834 1253 4881 euru,
1288 4822 1390 4881 pessitl
1400 4822 1557 4884 Respondit:
1567 4839 1653 4890 posse,
1665 4827 1687 4874 si
1698 4839 1751 4873 non
1760 4828 1845 4875 multo
1857 4828 1914 4887 pest
1924 4817 2068 4871 erudiret*
2110 4832 2111 4857 ³

405 4898 480 4941 quam
492 4894 519 4934 ut
529 4891 610 4937 lilium
622 4889 780 4937 observarit.
816 4890 886 4950 Ergo
898 4890 1072 4938 exheredatus
1084 4889 1116 4936 de
1126 4889 1254 4936 inollleio·
1288 4889 1405 4937 mulieris
1426 4892 1560 4950 quidquam
1578 4900 1686 4955 propter
1705 4908 1760 4943 eam
1779 4908 1878 4943 moram
1889 4874 2068 4941 inerementi
2110 4872 2111 4937 i

406 4960 513 5012 rouget.
550 4957 617 5015 Quid
639 4970 702 5017 ergo
723 4958 853 5015 dicemus,
874 4959 897 5004 si
915 4963 942 5006 et
957 4959 1050 5006 meruit
1060 4956 1214 5005 exheredari
1226 4960 1253 5004 et
1288 4958 1512 5008 omneadiudicis
1522 4962 1890 5021 cornitioneruremittendum
1903 4962 1946 5008 est
1964 4943 2068 5016 μω*
2106 4944 2110 4959 ⁴

407 5022 578 5081 eniuneiprrir
598 5024 679 5072 Plane
692 5029 718 5073 et
734 5026 782 5073 hoe
793 5027 907 5074 remedie
919 5027 1025 5074 carebit.
1061 5027 1148 5080 Quare
1159 5024 1197 5071 sie
1208 5025 1248 5073 de·
1288 5025 1453 5085 redeuutem
1473 5028 1522 5075 sibi
1543 5042 1600 5079 esse
1617 5030 1813 5079 aSeiaserrnm
1824 5031 1851 5079 et
1862 5027 1981 5084 traditum,
1999 5005 2067 5084 ,rieul
2109 5030 2110 5069 l

406 5088 1254 5156 buitinterponlstipulatiu,nt,sienmemaneipassetrelenhe-
1288 5094 1396 5142 tratrem
1406 5095 1471 5159 eins,
1493 5100 1538 5143 aut
1548 5098 1638 5161 lilium,
1658 5102 1703 5145 aut
1714 5111 1829 5161 uxorem,
1846 5100 1888 5145 snt
1898 5088 2068 5155 soerunffl

405 5156 535 5219 redasset,
556 5162 653 5207 certum
664 5160 726 5219 quid
736 5162 910 5221 promitteret.
945 5163 1002 5218 Quo
1016 5176 1102 5211 camon
1113 5174 1173 5209 casu
1184 5174 1253 5210 eum·
1277 5163 1338 5224 .ret,
1354 5163 1472 5224 scripsit,
1493 5167 1518 5212 et
1527 5165 1591 5213 haec
1600 5168 1638 5214 ita
1648 5166 1787 5227 stipulante
1797 5167 1867 5226 Seia,
1886 5149 2067 5224 epepnsditfii*

404 5224 484 5273 missa
493 5225 670 5289 stipulntione,
682 5226 768 5289 potest
779 5232 878 5292 quaeri,
890 5244 925 5278 an
935 5231 1092 5280 exheredato
1099 5229 1253 5291 permitten-
1288 5229 1331 5289 qui
1343 5236 1402 5290 post
1413 5231 1544 5279 biennium
1554 5234 1660 5283 heredes
1671 5235 1776 5295 reliquit
1786 5234 1870 5281 Seiam
1881 5236 1906 5278 et
1915 5219 2067 5281 mmm*

403 5294 463 5341 dum
474 5293 509 5340 sit
520 5293 606 5340 dicere
617 5295 648 5342 de
658 5296 815 5356 inodleiose,
826 5300 937 5347 maxime
950 5299 972 5346 si
982 5295 1049 5358 pa'tri
1057 5298 1252 5345 naturaliheres
1287 5298 1407 5359 serviret,
1419 5310 1569 5358 expressum
1580 5306 1645 5349 erat.
1667 5294 1819 5356 tldaeritur:
1830 5314 1863 5347 sn
1873 5294 1930 5346 Seio
1939 5307 1986 5343 euro
1994 5278 2067 5355 Μ’

403 5361 560 5424 exstitisset,
580 5364 607 5407 et
626 5376 660 5410 an
680 5362 749 5411 vieto
762 5366 913 5427 deneganda
934 5366 968 5414 sit
984 5380 1017 5414 ex
1029 5367 1155 5427 stipulatu
1166 5366 1252 5413 setini
1287 5366 1413 5417 coherede
1423 5380 1457 5415 ex
1468 5367 1594 5427 stipulata
1605 5384 1682 5429 agere
1692 5368 1789 5429 possiti
1798 5366 1947 5428 Respondit:
1961 5342 2068 5420 ΡΘΙόἰιιι

402 5431 454 5480 Sed
465 5430 487 5478 si
498 5430 533 5493 ei,
545 5427 588 5490 qni
600 5426 740 5489 stipulatus
750 5437 799 5491 est,
810 5450 864 5483 non
875 5435 964 5484 debuit
975 5435 1097 5496 denegari
1109 5433 1251 5497 rietefllie,
1288 5434 1355 5492 quod
1367 5433 1423 5485 eius
1434 5436 1580 5484 interesset.
1616 5439 1639 5499 ς.
1651 5441 1674 5484 d.
1684 5436 1761 5500 Filia,
1780 5448 1845 5495 quae
1855 5435 1886 5481 de
1896 5422 2067 5494 inoneiesstt‘l'

402 5513 451 5548 nee
461 5500 511 5561 ipsi
524 5498 674 5571 deneganda
683 5499 736 5547 erit
753 5501 855 5551 debitae
866 5505 989 5564 peeunine
1000 5503 1144 5551 exsecutio.
1179 5504 1208 5549 ln
1220 5514 1252 5549 eo
1288 5502 1412 5566 instituit,
1433 5508 1461 5551 et
1481 5503 1616 5566 transegit,
1638 5510 1728 5565 pestes
1746 5516 1799 5550 eum
1810 5501 1943 5550 heredibus
1953 5488 2067 5551 stipdffl

402 5574 503 5629 “nieme
524 5576 632 5626 quinon
646 5566 799 5627 adoptavit,
819 5584 895 5631 quem
905 5570 1067 5620 intellectum
1078 5572 1169 5619 habeat
1189 5571 1252 5618 haec
1289 5571 1453 5635 interposita,
1472 5574 1499 5619 et
1510 5572 1625 5620 suhieeta
1645 5572 1698 5620 doli
1710 5571 1831 5631 clausula,
1852 5546 2067 5629 epodprsetedfli

402 5639 661 5700 concupiscentem
674 5637 765 5694 aliter,
777 5653 854 5699 quem
865 5637 985 5697 utfilirm
997 5635 1182 5689 pererrasset?
1198 5653 1251 5686 non
1289 5640 1356 5687 lelso
1378 5644 1533 5687 testamento
1546 5640 1607 5699 egit,
1627 5654 1675 5688 nee
1686 5640 1809 5700 probarit.
1844 5639 1955 5693 Quaere:
1971 5610 2066 5699 sotim

400 5708 545 5768 perspicie;
566 5718 599 5755 an
612 5708 639 5753 et
650 5702 692 5753 ote
703 5703 832 5763 eripimur
844 5705 1075 5755 exheredationem
1086 5707 1127 5754 rel
1139 5707 1252 5753 ernancl-
1288 5708 1405 5755 clausula
1415 5707 1497 5767 possit
1508 5708 1642 5755 conveniri
1654 5710 1663 5754 i
1674 5705 1824 5765 Respondit:
1836 5702 1900 5749 nihil
1908 5702 1937 5747 sd
1946 5708 1991 5745 es·

398 5775 539 5842 petionem,
559 5788 601 5825 res
613 5775 641 5822 in
652 5776 782 5824 extimeo
793 5774 911 5837 ineptssl
923 5774 973 5822 Sed
984 5779 1009 5823 et
1022 5777 1043 5824 ri
1054 5777 1086 5840 is,
1107 5774 1150 5833 qui
1162 5772 1251 5835 lepiti-¹
1286 5778 1385 5828 monem
1397 5777 1431 5833 id,
1442 5776 1511 5834 quod
1521 5780 1609 5836 postea
1620 5779 1702 5823 ectum
1713 5776 1906 5834 preponeretur,
1915 5764 2028 5829 purtim
2107 5812 2108 5819 ,
