4314 6436
329 363 414 419 DlG.
451 364 602 423 XXXIV.
640 370 664 425 l.
699 367 758 423 DE
794 368 1035 426 sbtntttttuts
1074 371 1159 427 vul.
1196 370 1383 427 cluilius
1420 373 1621 429 audisis.
1795 374 1851 431 tir

122 504 345 559 iideieommlssum
355 507 495 567 petiturum
507 507 665 574 existimari,
689 510 732 569 qul
749 522 850 560 annum
869 511 967 573 viginti
1002 524 1074 575 pure,
1085 512 1128 560 rei
1139 514 1247 560 contrat
1264 514 1354 563 Adhuc
1364 516 1416 565 erit
1427 516 1572 577 dicendum,
1585 530 1639 565 eam
1650 515 1854 577 praesusumens

122 589 215 625 aureos
226 580 251 622 et
262 580 422 623 menstruum
435 577 591 624 trumentum
601 582 678 638 atque
690 581 778 626 vinum
789 582 942 641 acceptavit.
1003 582 1165 641 sequendam,
1176 594 1242 639 quac
1252 583 1394 631 novissima
1405 585 1464 633 luit.
1493 585 1516 645 ς.
1529 587 1554 632 d.
1566 584 1674 637 Quidam
1686 584 1788 633 libertis
1799 586 1853 633 suls

168 642 201 690 x.
220 643 239 691 1
243 644 261 689 d
266 657 312 689 ens
322 645 389 691 libre
399 643 449 690 IX.
461 645 657 705 Responsorsm.
693 646 777 699 Quam
789 660 855 696 unus
867 662 900 696 ex
921 650 967 696 be·
1002 651 1031 694 ut
1041 648 1173 709 alimenta,
1185 651 1220 696 lta
1233 664 1323 707 squaru
1335 664 1436 709 quoque
1447 665 1494 711 per
1504 651 1727 700 fideicommissum
1738 652 1853 710 relique-

121 711 329 760 redibuseertam
341 711 472 770 pecuniam
484 712 632 772 praecipere
644 713 728 760 iussus
746 720 823 778 esset,
843 717 874 763 de
895 716 967 762 euius
1002 719 1051 761 rat.
1088 717 1248 765 Corisuiebar
1269 718 1300 766 de
1320 718 1527 781 fideicommissa,
1549 733 1622 777 nuum
1644 720 1671 766 in
1692 733 1723 766 ea
1742 721 1851 778 regiona

121 784 191 827 sorte
203 778 305 825 libertis
315 779 440 825 alimenta
450 783 603 842 praestaret,
622 779 741 828 heredem
752 795 854 840 quoque
864 783 967 831 heredis
1002 782 1104 829 Alrieae
1116 784 1156 830 vei
1168 785 1237 832 torte
1252 786 1364 846 Aegypti
1381 802 1422 834 res
1439 788 1481 846 agl
1499 791 1704 849 preponeretur,
1725 786 1770 832 ubi
1785 800 1851 846 aqua

120 848 152 895 ad
162 845 371 907 praeceptionem
382 846 481 893 admitti
492 847 603 906 placuit;
624 849 645 893 si
657 852 742 896 tamen
753 850 840 909 plures
860 849 967 898 heredes
1004 850 1102 895 venalis
1113 855 1163 896 est.
1198 852 1318 900 Dicebam
1331 855 1421 917 igitur,
1440 868 1496 901 esse
1507 854 1709 902 emolumentum
1718 853 1850 902 fideicom-

120 915 194 961 heres
205 914 320 968 haberet,
333 914 506 961 intendonem
519 915 619 972 quidem
630 917 745 964 defuncti
758 918 840 978 prima
851 917 916 965 lucie
927 929 967 964 re-
1002 915 1083 978 missl,
1092 917 1148 964 sire
1157 917 1216 974 quis
1227 919 1322 967 habeus
1334 922 1461 970 cisternas
1471 921 1498 967 id
1508 920 1654 985 reliquerit,
1670 922 1726 969 sire
1737 934 1799 985 non,
1820 924 1850 968 ut

121 981 227 1043 irsgsri,
235 982 280 1028 sed
292 981 363 1027 uliud
374 981 477 1039 probari
490 995 542 1028 non
555 988 687 1042 oportere.
724 986 791 1042 Quid
802 985 880 1047 euim,
891 985 914 1032 si
925 997 967 1030 ce-
1002 983 1037 1030 sit
1049 983 1415 1049 infideicomntisso,quautsm
1426 988 1577 1049 quiunquam
1584 989 1633 1037 sibi
1641 992 1709 1039 esset
1718 1001 1851 1048 compars-

120 1054 191 1097 teros
202 1048 310 1097 heredes
321 1062 381 1095 suos
392 1048 509 1110 evitavit,
521 1054 548 1097 et
558 1052 678 1113 quietam,
690 1065 720 1098 ac
731 1054 910 1115 verecundam,
927 1054 967 1098 at·
1001 1055 1085 1113 turus,
1097 1065 1144 1099 nec
1155 1052 1237 1099 videri
1248 1053 1343 1103 inutile
1354 1069 1411 1105 esse
1421 1056 1654 1119 fideicommissum,
1675 1056 1747 1118 quasi
1766 1057 1850 1104 servi-

119 1131 166 1176 que
178 1116 255 1164 etium
267 1115 966 1180 idoneam,iibertisconsulens,domumsequimaluitl
1001 1122 1055 1166 tute
1076 1119 1172 1178 praedii
1193 1133 1246 1167 non
1267 1124 1411 1181 possessori
1435 1123 1536 1171 vicinae
1556 1125 1730 1184 percusionis
1747 1125 1849 1172 relicta.

118 1185 152 1232 Bt
162 1185 222 1231 ideo
233 1185 264 1230 ab
275 1184 393 1230 omnibus
405 1184 542 1231 heredibus
553 1182 654 1233 heredis
665 1188 790 1235 alimenta
797 1191 966 1248 praestabun·
1001 1188 1064 1233 Nam
1075 1192 1101 1233 et
1110 1187 1216 1233 haustus
1225 1202 1319 1253 aquae,
1339 1194 1368 1237 ut
1378 1189 1479 1250 peeoris
1495 1193 1527 1239 ad
1544 1205 1634 1251 aquam
1650 1193 1788 1253 appulsus,
1809 1195 1850 1239 est

118 1257 172 1301 tur.
207 1254 231 1312 q.
246 1252 371 1309 t.,verbis
381 1252 570 1300 fideicommissi
583 1267 646 1311 pure
657 1256 811 1302 manumisso
829 1255 965 1316 praeteriti
1000 1255 1114 1300 servitus
1124 1268 1261 1313 personne,
1272 1260 1357 1304 tamen
1369 1257 1402 1319 ei,
1419 1257 1460 1315 qui
1473 1258 1573 1306 vicinus
1582 1271 1634 1306 non
1647 1260 1851 1317 est,·lnutiliter

117 1332 221 1379 quoque
231 1319 355 1378 temporis
366 1319 489 1366 alimenta
502 1322 630 1367 reddenda
641 1327 710 1381 sunt,
733 1323 849 1383 quamuis
866 1324 965 1369 tardius
1001 1321 1167 1379 relinquitur.
1188 1324 1218 1369 lu
1230 1324 1317 1371 eadem
1328 1338 1404 1372 causa
1415 1330 1491 1372 erunt
1501 1324 1627 1389 gestandi,
1640 1328 1682 1375 rel
1692 1328 1719 1375 in
1730 1332 1777 1376 tuo
1786 1340 1850 1375 uvas

118 1389 265 1436 libertatern
279 1388 482 1447 recuperaverit,
491 1402 538 1434 uec
549 1388 623 1435 berea
633 1388 965 1450 morsmiibertatilecerit3
1001 1389 1148 1449 premendi,
1170 1390 1212 1436 vel
1228 1404 1289 1438 area
1303 1395 1347 1438 tua
1364 1393 1395 1438 ad
1412 1394 1543 1440 frumenta
1559 1399 1696 1455 ceteraque
1717 1395 1849 1455 legumina

116 1460 179 1504 tunc
190 1455 258 1501 enim
272 1454 405 1514 explorari
422 1469 518 1502 moram
529 1460 641 1515 oportet,
661 1470 737 1514 quum
748 1457 779 1504 de
792 1457 877 1504 usuris
892 1458 965 1504 ddei-
1001 1457 1169 1515 exprimenda
1180 1458 1285 1519 utendi,
1296 1460 1360 1506 haee
1370 1460 1439 1506 enlm
1449 1473 1516 1518 aqua
1525 1474 1651 1520 personae
1663 1462 1830 1520 relinquitur.

117 1521 248 1571 commissi
260 1522 460 1581 quaeritur‚non
471 1524 503 1569 de
514 1523 577 1580 ipsis
588 1523 802 1572 udeicomnissta.
838 1525 966 1585 anulii·
1052 1524 1107 1570 XV.
1127 1524 1684 1588 Scaevolarumxmutgesroran.
1706 1529 1850 1579 altione-

115 1588 214 1639 nsentis
225 1589 276 1635 riri
287 1590 348 1636 bosri
359 1590 483 1637 arbitratu
493 1589 564 1636 tiliae
575 1590 684 1653 relictis,
705 1591 735 1637 ab
746 1592 840 1640 herede
850 1606 898 1638 suo
918 1607 965 1652 pro
1000 1590 1061 1637 rede
1071 1592 1198 1639 codicillis
1209 1593 1286 1640 Seiae
1306 1594 1391 1641 decem
1406 1593 1513 1652 reliquit
1529 1599 1555 1641 et
1571 1595 1675 1643 alumno
1691 1595 1732 1642 his
1747 1597 1849 1644 verbis:

115 1659 195 1706 modo
207 1656 395 1717 iegatsedotis,
416 1670 490 1717 quam
503 1657 585 1704 sulam
607 1662 682 1716 pater
701 1659 873 1708 esberedatae
895 1660 965 1708 tiliae
1000 1659 1104 1707 ruberto
1114 1661 1215 1724 usuali
1222 1664 1326 1710 aimo
1338 1675 1392 1708 sseo
1405 1664 1670 1724 quadringentesimi
1683 1665 1757 1724 noio,
1771 1676 1849 1725 ›puae

115 1726 229 1774 nubenti
241 1724 296 1771 dari
308 1722 400 1785 voluit,
418 1730 493 1785 atque
505 1738 552 1783 pro
564 1724 732 1773 incrementis
743 1727 838 1774 aetatis
850 1742 907 1775 eam
918 1740 965 1777 es·
997 1731 1059 1786 pcto
1070 1741 1088 1772 a
1100 1732 1126 1773 te
1137 1726 1202 1774 sera
1212 1730 1347 1791 suscipias,
1367 1735 1395 1775 et
1403 1743 1498 1778 usurus
1511 1731 1536 1776 σι’
1545 1732 1700 1792 qainesnces
1709 1732 1737 1777 in
1753 1745 1849 1779 nnnsss

114 1793 255 1842 hibendum
267 1805 323 1839 esse
334 1792 464 1850 respondi.
478 1806 530 1839 nou
542 1806 588 1852 pro
601 1793 700 1841 viribus
712 1795 872 1842 hereditatis.
934 1791 937 1795 ’
1001 1795 1237 1854 asquecs'cesimuia
1248 1798 1485 1861 aetatispruestes,
1502 1799 1849 1860 eanucssseiptaserrse·

168 1859 215 1907 xl.
234 1858 686 1919 Pautssttbroxusaesrmnass.
722 1861 963 1916 is,euiaunnaail·
1000 1862 1064 1908 nris.
1099 1864 1251 1920 Quaesitum
1267 1868 1321 1913 est:
1341 1877 1373 1910 an
1396 1865 1470 1929 Seia,
1492 1868 1628 1925 postquam
1644 1865 1755 1924 legatum
1775 1878 1850 1914 sunus

114 1931 206 1976 menta
216 1927 309 1974 relicta
321 1929 432 1987 inerant,
452 1925 480 1973 in
491 1927 625 1974 metalium
636 1928 779 1991 damnatus,
800 1929 965 1989 induigentia
1000 1927 1108 1986 accepit,
1130 1930 1152 1976 si
1165 1930 1280 1977 noluerit
1291 1931 1426 1991 pecuniam
1443 1932 1548 1981 domno
1569 1933 1686 1980 relictam
1708 1932 1849 1996 suscipere,

113 1996 246 2058 principis
257 1995 396 2043 restitutus
409 2000 456 2041 est.
492 1994 636 2054 Respondi:
654 2010 711 2043 enm
721 2002 747 2043 et
757 1999 964 2057 praecedentium
1001 1996 1041 2042 rei
1055 1996 1081 2042 iu
1093 1999 1256 2059 suscipienda
1265 2013 1296 2046 ea
1306 2000 1456 2063 cessaverit,
1478 2014 1544 2048 onus
1554 2001 1736 2048 alimentorum
1752 2013 1786 2049 ex
1806 2000 1850 2048 die

114 2077 249 2113 annorum
260 2066 331 2111 recte
342 2062 441 2122 cepisse
453 2061 586 2119 alimenta,
597 2067 624 2110 et
633 2065 794 2121 sequentium
805 2065 893 2111 deberi
904 2065 938 2112 ei.
999 2064 1089 2110 mortis
1111 2066 1243 2113 testatoris
1261 2068 1439 2126 compellenda
1454 2067 1489 2115 sit
1511 2071 1670 2128 agnosceret
1690 2067 1848 2131 Respondit:

168 2131 231 2178 Xli.
249 2132 268 2178 1
272 2132 414 2178 dessiidro
433 2129 514 2177 XIV.
531 2132 727 2192 Respoasorsna
761 2133 856 2179 diucius
877 2133 963 2179 Titius
999 2131 1136 2179 secondum
1149 2147 1189 2195 ca,
1204 2141 1499 2199 quaepropouerentor‚
1516 2135 1719 2195 compellendam
1731 2138 1850 2200 praesta·

51 2212 53 2217 ·
113 2198 222 2247 libertis
233 2198 287 2245 suls
298 2198 395 2245 cibaria
406 2201 432 2245 et
443 2198 964 2248 vestiarissnnnacertorumnummorum
998 2202 1412 2260 rc,quumddeicommissumsit.
1440 2202 1849 2261 tuemqoaestttzsuberesqaa·

113 2267 236 2329 reliquit,
255 2270 281 2314 et
291 2266 436 2326 posteriore
446 2269 520 2324 parte
533 2267 680 2314 testamenti
691 2266 728 2313 ita
739 2266 822 2314 cavit:
839 2269 964 2328 obligatas
998 2278 1047 2325 que
1058 2268 1134 2316 Seiae
1145 2269 1172 2315 in
1186 2282 1268 2316 asinos
1281 2269 1375 2329 viginti
1390 2269 1515 2318 alimenta
1525 2274 1658 2330 praestare
1670 2272 1777 2320 debeati
1797 2271 1849 2318 Re·

112 2331 770 2400 a'robcassansfidn'conns'ssifasdossseosrttnn
796 2336 913 2391 ets'lisrrn,
933 2342 963 2382 nt
998 2336 1117 2392 spondit:
1137 2337 1239 2384 debere.
1275 2340 1299 2398 p.
1317 2340 1339 2384 l.
1362 2338 1484 2385 Testatur
1494 2338 1653 2386 concubinae
1664 2339 1791 2397 mancipis
1801 2352 1848 2385 ru-

112 2417 149 2451 ea·
159 2403 249 2450 reditu
260 2415 347 2449 aaran
356 2401 481 2448 edissenis
491 2404 673 2462 mpruscriptn
681 2404 835 2463 percspiusst.
853 2403 963 2460 Quaesi-
999 2402 1065 2450 stica
1075 2417 1182 2450 numero
1194 2408 1252 2450 octo
1264 2403 1375 2465 legavit,
1394 2409 1421 2452 et
1437 2407 1477 2453 iris
1488 2405 1585 2453 cibaria
1595 2406 1721 2465 praestari
1732 2405 1807 2453 iussit
1818 2405 1848 2453 in

112 2473 169 2518 tuns
182 2472 237 2518 est:
257 2483 300 2528 su,
321 2468 343 2515 si
354 2472 450 2526 quanto
468 2469 583 2516 minores
594 2470 693 2517 reditus
703 2470 878 2534 pervenerint,
889 2483 962 2530 quam
999 2468 1061 2517 haee
1071 2472 1162 2519 rerba:
1173 2474 1260 2534 eisque
1271 2473 1412 2533 mancipiis,
1421 2488 1488 2535 qaue
1497 2487 1581 2534 supra
1590 2475 1685 2535 legari,
1697 2473 1794 2520 cibarii
1802 2488 1846 2520 no-

112 2542 154 2587 est
172 2538 305 2596 quantitas
323 2536 481 2584 cibariorum
492 2540 519 2583 et
530 2536 722 2599 vestiariorum,
743 2538 851 2585 heredes
859 2538 891 2584 ad
902 2551 962 2597 sup·
999 2539 1063 2583 asine
1073 2539 1108 2585 ub
1120 2537 1256 2586 heredibus
1266 2542 1328 2586 meis
1336 2543 1480 2600 praestari
1488 2542 1558 2600 eolo,
1571 2555 1638 2602 qaue
1649 2555 1688 2587 sse
1697 2542 1756 2587 rico
1776 2541 1848 2589 arei·
1904 2572 1915 2589 .

111 2606 237 2668 piendam
248 2618 303 2652 eam
313 2604 418 2652 onerari
429 2617 483 2651 oon
494 2604 616 2667 debeant,
638 2605 679 2652 rei
690 2607 713 2652 si
725 2605 778 2651 atio
790 2617 858 2652 sana
871 2618 963 2654 esces-
997 2605 1115 2663 picbast.
1134 2608 1284 2662 Qrsaesitum
1297 2611 1351 2654 est:
1364 2620 1441 2666 quum
1452 2608 1512 2654 rivo
1524 2612 1650 2655 testatore
1661 2620 1763 2667 semper
1772 2620 1847 2657 man·

111 2674 208 2735 serint,
221 2686 254 2719 sn
266 2672 434 2731 supplendum
445 2672 489 2732 sit,
507 2673 574 2730 quod
585 2672 718 2731 superlore
729 2686 797 2720 anno
808 2673 893 2719 minus
904 2688 962 2733 per·
998 2672 1066 2731 cipis
1077 2672 1174 2719 rustica
1186 2678 1300 2735 tempore
1310 2674 1430 2721 messium
1442 2681 1468 2722 et
1477 2688 1597 2724 arearum
1607 2676 1727 2736 delegata
1737 2674 1847 2732 tuerint,

111 2741 252 2802 eeperinti
264 2738 358 2785 Paulus
369 2740 518 2798 respondit:
529 2740 626 2787 cibaria
637 2745 662 2788 ct
674 2740 796 2788 vestiaria
806 2741 906 2788 libertis
918 2741 962 2788 de·
998 2743 1025 2786 et
1035 2753 1066 2787 eo
1078 2744 1194 2799 tempore
1206 2741 1306 2789 cibaria
1316 2756 1350 2789 ex
1361 2742 1464 2790 ratione
1475 2743 1572 2790 domini
1584 2743 1624 2790 sui
1648 2755 1779 2809 nunquam
1799 2754 1847 2789 ae-

109 2808 199 2857 lunctl
211 2807 314 2866 integra
325 2806 421 2869 deberi,
432 2821 516 2866 neque
527 2821 560 2855 ex
571 2821 613 2869 eo,
629 2809 696 2865 quod
707 2813 797 2869 postes
807 2809 912 2868 praedis
921 2809 962 2856 bis
999 2808 1234 2867 cepertns.erceps0
1240 2810 1346 2857 custode
1357 2810 1505 2872 praedii,an
1518 2812 1591 2858 heres
1602 2810 1658 2858 eius
1669 2823 1771 2875 quoque
1780 2812 1847 2857 tem·

109 2875 236 2939 pignoris
247 2875 304 2922 iure
315 2876 426 2921 testator
434 2875 551 2935 obligare
561 2876 652 2937 voluit,
673 2879 745 2924 ntex
765 2877 851 2923 reditu
872 2889 961 2923 eorum
998 2875 1077 2935 poris,
1098 2875 1174 2923 idest
1194 2877 1284 2925 messis
1305 2881 1331 2925 et
1350 2890 1479 2940 arearum,
1499 2877 1596 2925 cibaria
1617 2879 1777 2925 concubinae
1794 2891 1844 2937 pro

110 2945 241 2992 alimenta
250 2941 428 3004 perciperent,
448 2942 573 2990 minuisse
584 2956 642 2990 eum
655 2943 696 2991 vei
706 2943 811 2990 ausisse
831 2956 877 3005 es,
898 2957 962 3006 quae
997 2942 1131 3002 manciplis
1143 2945 1249 2991 rusticis
1261 2949 1393 3003 praestare
1405 2946 1530 2992 deberett
1546 2945 1701 3006 Respondit:
1721 2957 1788 3005 eum,
1799 2958 1846 2991 cn-

109 3012 270 3073 reliquerst,
281 3009 373 3057 videri.
997 3010 1037 3055 ius
1048 3011 1122 3057 notio
1133 3015 1181 3073 est,
1191 3013 1395 3060 aestimaturum.
1426 3012 1561 3059 claudius:
1571 3013 1666 3059 Merito
1677 3027 1684 3071 ς
1702 3026 1762 3059 nunc
1773 3013 1845 3059 sico·

165 3079 240 3126 xltl.
261 3077 432 3125 Scaevoia
441 3077 507 3125 libro
523 3076 541 3124 1
542 3077 572 3125 V·
587 3078 784 3137 Respoasorssns.
818 3077 882 3125 caio
899 3077 961 3126 Seio
996 3078 1051 3124 dens
1061 3078 1144 3139 morio,
1163 3093 1212 3141 pao
1222 3080 1295 3139 apud
1303 3086 1456 3127 testatorem
1459 3081 1583 3143 fuerant,
1605 3079 1710 3138 etupad
1726 3078 1844 3126 coaeuds'·

111 3146 248 3196 irecentos
257 3158 349 3192 aureos
361 3145 468 3205 legarit,
490 3148 518 3191 ut
529 3159 562 3192 er
574 3145 660 3191 usuris
669 3146 725 3191 eius
736 3158 848 3194 summae
860 3146 961 3193 libertis
995 3147 1160 3210 sumsistssru
1170 3147 1275 3206 legarit,
1294 3160 1344 3193 noa
1355 3145 1512 3197 debebantur
1521 3148 1575 3194 cisa
1585 3147 1722 3207 temporis,
1744 3145 1775 3191 de
1794 3159 1844 3209 pao

110 3214 217 3261 cibaria
226 3218 251 3260 et
261 3212 383 3259 vestiaria
394 3215 619 3273 praestaret,quue
626 3217 766 3272 statueret,
778 3212 905 3261 codicillis
915 3228 961 3260 au·
996 3214 1195 3274 quaeritantem,
1205 3213 1311 3259 ciboria
1317 3228 1329 3273 ,·
1339 3227 1426 3260 versem
1436 3216 1460 3260 ss'
1468 3215 1538 3260 velut
1547 3214 1575 3259 irs
1585 3214 1753 3260 ministeriun
1763 3212 1842 3258 urde-

112 3282 171 3328 tem
183 3281 285 3327 eandem
295 3293 416 3327 summan
428 3279 511 3327 vetuit
521 3280 576 3328 dari
588 3280 651 3327 Caio
662 3280 732 3341 Seio,
744 3282 787 3327 sed
798 3282 854 3328 dari
868 3282 961 3329 Publio
996 3282 1094 3328 nassad
1105 3279 1145 3327 dis
1156 3282 1362 3344 transferentur,
1384 3280 1548 3327 debebantur.
1572 3282 1595 3341 q.
1607 3279 1709 3327 Mitis
1718 3277 1844 3326 decedens

109 3348 222 3399 ddaevio
234 3347 322 3394 voluit.
351 3348 469 3400 Quaero:
480 3361 512 3393 un
523 3348 627 3395 libertis
637 3348 861 3396 fideicommissum
873 3348 971 3413 debeat,
997 3351 1154 3395 testamento
1170 3347 1213 3395 its
1224 3346 1309 3395 eavit:
1332 3347 1451 3394 Omnibus
1464 3346 1566 3396 isbersts
1579 3347 1771 3407 tibertudssqss
1781 3347 1846 3395 nats

106 3415 252 3464 Maerlnst
263 3414 408 3475 Respondi:
422 3416 562 3476 Maeviutn,
572 3416 623 3462 nisi
635 3416 714 3475 aliud,
726 3416 757 3463 de
769 3430 819 3475 quo
832 3431 885 3463 nou
896 3416 962 3465 deli·
996 3416 1099 3462 diaria
1109 3423 1136 3462 et
1144 3417 1284 3475 eesu'urs'u,
1292 3429 1359 3477 quac
1370 3416 1431 3462 mou
1437 3415 1618 3474 praestatura,
1626 3414 1842 3474 duripraesturs'·

108 3487 261 3540 beraretur,
280 3483 371 3530 doceat
384 3482 593 3530 sibiatestatore
605 3482 756 3545 iniunctum,
777 3485 962 3531 uiderisecuu-
997 3483 1121 3545 querulo.
1151 3478 1367 3536 Quaesitum'est:
1387 3495 1465 3539 qurum
1478 3482 1558 3528 tribus
1579 3481 1644 3528 solis
1663 3494 1695 3527 eo
1715 3483 1842 3543 tempora,

107 3551 175 3599 dum
187 3552 345 3599 voluntatem
356 3551 491 3598 testatoris
501 3551 628 3610 recepisse
639 3565 669 3597 ea
681 3564 769 3615 onera,
791 3565 854 3612 quae
864 3551 962 3599 adseri·
997 3562 1047 3609 qno
1058 3562 1088 3595 ea
1099 3548 1177 3605 vixit,
1197 3549 1266 3597 sicut
1276 3549 1422 3598 rationibus
1433 3549 1624 3610 continebatur,
1645 3548 1742 3595 cibaria
1754 3552 1781 3595 et
1797 3559 1843 3595 re-

105 3624 157 3680 pta
169 3624 248 3667 erant
258 3618 282 3667 ei
292 3631 413 3681 summae,
425 3632 489 3677 quse
500 3618 527 3664 in
538 3632 596 3665 eum
608 3618 735 3665 codicillis
747 3621 961 3667 transferebatur.
996 3616 1087 3664 stlatis
1098 3616 1269 3680 praestiterit,
1289 3630 1322 3664 an
1335 3618 1409 3665 heres
1420 3616 1476 3663 eius
1487 3630 1502 3663 a
1513 3618 1608 3665 ceteris
1619 3629 1720 3676 quoqne
1741 3614 1843 3663 libertis

106 3686 961 3749 §.lesperatorAatoaiausPiusilbertisdeaets'sa
996 3685 1131 3733 conveniri
1142 3686 1241 3744 possit,
1261 3684 1779 3744 suverotribustautumsltohnesina,
1800 3682 1845 3740 qui

105 3756 236 3803 Basili
240 3770 258 3801 a
267 3769 288 3800 e.
318 3755 441 3812 Quam
451 3754 533 3801 neria
543 3756 692 3802 testamenti
701 3756 742 3802 ita
751 3768 779 3802 sc
787 3754 912 3810 labeant,
921 3760 960 3811 at,
996 3752 1140 3800 rationibus
1152 3752 1231 3813 ipsius
1242 3753 1339 3801 cibaria
1347 3756 1374 3799 et
1385 3750 1510 3800 vestiaria
1519 3750 1648 3813 accepisse
1659 3750 1844 3817 reperiunturi

104 3823 204 3886 pond
212 3835 268 3868 esns
278 3822 385 3868 claudie
402 3822 473 3870 lusto
484 3825 583 3869 morati
590 3824 690 3878 essetis,
711 3823 782 3870 nodis
793 3824 920 3869 alamanus
936 3828 963 3868 at
995 3814 1152 3879 Respondit:
1163 3823 1194 3867 ab
1205 3820 1333 3868 omnibus.

105 3891 246 3938 sestius-iu
255 3890 345 3951 lepatu
356 3891 417 3945 siat,
438 3895 524 3935 tossen
530 3888 688 3953 dunefuisse
707 3888 846 3954 deiunctae
865 3891 961 3951 eogita-
1044 3884 1113 3934 xvi.
1132 3889 1219 3935 idern
1232 3889 1300 3936 is'dro
1311 3886 1413 3935 XVIII.
1425 3887 1601 3950 Digestorum.
1619 3886 1750 3937 Alimenta
1760 3887 1786 3937 et
1798 3897 1845 3933 ve·

103 3959 211 4005 misens
221 3958 392 4017 interpretor,
411 3962 441 4003 st
453 3962 548 4016 etpost
567 3963 674 4002 mortem
694 3956 764 4004 isati
781 3959 870 4005 endens
889 3958 962 4004 vodis
995 3954 1086 4002 stiarla
1098 3955 1199 4004 libertis
1209 3957 1264 4002 suls
1276 3955 1356 4025 dedit.
1391 3956 1544 4013 Quaesitum
1555 3960 1609 4004 cst:
1631 3968 1674 4015 an,
1689 3955 1749 4013 quia
1759 3953 1845 4001 nonsi-

98 4024 378 4086 praestruantur-ir.
414 4021 559 4082 Respondi:
570 4023 694 4071 eiusmodi
706 4024 858 4084 scripturam
870 4025 908 4070 ita
918 4037 962 4071 se·
995 4024 1075 4070 nstim
1088 4024 1249 4070 ailloderato
1261 4034 1313 4070 uuo
1324 4035 1356 4070 ex
1370 4021 1507 4071 heredibus
1518 4023 1574 4070 dari
1586 4023 1663 4070 iussit
1673 4025 1791 4080 testator,
1800 4032 1845 4065 so·

102 4090 175 4155 cipi,
198 4093 227 4137 ut
240 4091 381 4139 necessitas
392 4089 522 4137 alimentis
532 4091 696 4151 praestandis
705 4097 830 4152 perpetuo
851 4093 960 4140 maneat.
1000 4089 1040 4136 lus
1050 4091 1200 4137 Moderatus
1211 4090 1310 4149 debeat,
1322 4102 1375 4137 oon
1387 4091 1465 4138 etiam
1477 4093 1652 4149 postmortem
1660 4085 1788 4135 Moderati
1798 4086 1845 4132 he·

101 4161 127 4221 θ.
143 4163 175 4207 2.
190 4160 254 4207 item
266 4158 403 4206 consultus
413 4159 444 4205 de
455 4157 502 4204 tali
514 4159 649 4221 scriptura,
668 4166 694 4206 et
704 4168 788 4206 tcenns
798 4162 851 4208 ss'nt
861 4173 963 4219 seraper
996 4157 1155 4209 retleseiusi
1176 4157 1380 4217 Responditr'et
1397 4157 1505 4205 heredes
1522 4155 1616 4205 teneri.
1650 4157 1709 4219 §.b
1730 4152 1843 4200 Libertis

98 4229 185 4291 sole,
196 4240 301 4289 quaero,
313 4240 390 4285 quum
401 4226 549 4275 manumissi
561 4227 591 4272 sb
601 4227 694 4275 herede
705 4239 759 4273 cuns
771 4242 802 4274 eo
812 4226 906 4274 morati
917 4226 961 4272 diu
996 4224 1188 4285 libertabusque
1194 4257 1204 4281 ,
1227 4224 1288 4271 item
1304 4238 1367 4282 quos
1383 4238 1496 4284 quasque
1512 4227 1666 4271 testamento
1682 4219 1843 4268 codicillisse

100 4295 179 4353 sint,
191 4296 235 4342 sed
243 4297 275 4342 ob
286 4293 433 4354 graviorem
444 4293 597 4341 servitutem
605 4294 674 4341 abeo
682 4294 855 4357 discesserint,
867 4309 900 4341 au
913 4293 963 4340 aii·
997 4291 1188 4354 manumiserat,
1199 4292 1324 4340 alimenta
1335 4293 1481 4349 commoda,
1489 4304 1554 4348 quse
1565 4290 1624 4335 riva
1635 4288 1789 4346 praestabat,
1798 4286 1843 4332 ds·
1879 4342 1883 4350 ¹

97 4362 407 4423 nensabtsdeuesnmr,
419 4361 963 4423 qusencgasltseprsestare‚nisiviceser·
997 4360 1019 4406 ri
1038 4361 1161 4419 iusserat,
1184 4360 1245 4407 item
1265 4360 1386 4407 omnibus
1405 4357 1508 4406 libertis
1529 4355 1719 4411 libertabusque
1741 4353 1843 4399 lundes.

96 4430 207 4480 vitulis
216 4431 249 4476 iis
256 4429 392 4478 utereturi
407 4428 552 4489 Respondi:
563 4430 700 4477 seeundum
708 4443 747 4493 ea,
762 4443 825 4491 quae
836 4442 963 4491 propone·
997 4427 1148 4485 Quaesitum
1158 4431 1212 4476 est:
1229 4441 1262 4474 an
1273 4428 1306 4474 ad
1316 4441 1347 4474 ea
1357 4427 1444 4486 legata
1454 4424 1632 4487 admitteretur
1642 4421 1730 4468 liberti
1740 4419 1844 4480 paterni

96 4500 218 4554 remis
229 4498 324 4549 deberi·
997 4494 1123 4558 libertus,
1144 4496 1184 4543 cul
1196 4494 1308 4542 scribere
1318 4494 1418 4541 solebat
1436 4492 1486 4539 ita:
1507 4484 1557 4537 sind
1575 4484 1710 4551 Ῥουφίνης
1727 4479 1842 4551 ἡμετέρᾳ

151 4564 228 4614 xlv.
250 4566 425 4626 Ulpianus
442 4565 510 4613 is'dro
531 4565 571 4612 11.
591 4563 860 4613 Riiicieosnasissorass.
895 4565 965 4613 Meis
997 4554 1163 4625 ἀπελευθέρῳ
1175 4561 1426 4633 ¹¹)3epistols'etism
1438 4558 1531 4607 emissa
1543 4559 1575 4606 ad
1586 4556 1701 4604 ordinent
1718 4552 1844 4617 civitatis,

95 4634 162 4685 ais:
189 4632 212 4678 sl
223 4644 304 4693 puero
314 4633 356 4680 vel
367 4632 470 4693 puellae
480 4632 601 4680 alimenta
619 4632 809 4695 relinquantur,
831 4646 911 4693 usque
931 4632 962 4679 ad
998 4628 1065 4678 unde
1076 4629 1185 4676 oriunda
1196 4635 1262 4689 erat,
1272 4629 1394 4690 petierat,
1405 4628 1443 4673 uti
1455 4626 1566 4687 publice,
1577 4624 1645 4682 quod
1655 4622 1767 4669 medicus
1777 4623 1845 4683 erat,

95 4703 277 4765 pubertatem
288 4701 385 4749 deberi.
420 4700 628 4748 Sedbocverum
640 4704 756 4759 nonest3
777 4700 872 4748 tamdiu
893 4700 963 4747 enirn
985 4696 1128 4749 ,salariaei
1141 4700 1349 4759 praestarentur,
1369 4694 1557 4743 manifestando
1577 4690 1675 4738 litteris
1695 4690 1762 4751 suis,
1783 4701 1843 4736 eusn

95 4769 287 4830 debebantur,
307 4769 390 4816 donec
408 4770 519 4815 testator
535 4768 627 4829 voluit,
646 4768 723 4816 autsi
734 4781 788 4815 nou
798 4771 882 4828 paret,
902 4766 964 4824 qnid
998 4778 1071 4811 snum
1082 4778 1139 4812 esse
1150 4763 1286 4813 libertumi
1307 4763 1465 4823 Respondit:
1486 4774 1553 4823 eum,
1565 4758 1721 4808 cuiusnotio
1732 4758 1787 4821 est,
1798 4768 1843 4804 as-
1934 4791 1939 4797 .

95 4836 224 4899 mutiat,
235 4839 373 4896 perlatum
384 4840 486 4895 tempus
499 4835 565 4883 vitae
577 4835 745 4883 debebantur.
781 4837 804 4896 p.
818 4837 840 4882 l.
854 4835 931 4883 Certe
941 4833 964 4880 si
998 4833 1170 4893 allocuturum,
1183 4838 1221 4894 ut,
1232 4833 1254 4878 si
1266 4832 1367 4892 quidem
1378 4831 1439 4879 viva
1449 4842 1480 4876 ea
1491 4830 1516 4876 ei
1526 4826 1688 4889 praestabat,
1698 4825 1782 4872 nihilo
1793 4822 1844 4870 sul·

95 4906 240 4969 usquead
251 4903 546 4964 pubertatemalinsenta
554 4902 743 4964 relinquantur,
764 4901 855 4958 siquis
875 4916 964 4950 erem·
998 4913 1045 4946 nus
1057 4900 1088 4946 sd
1099 4899 1320 4947 fideicommissum
1331 4899 1520 4959 admitteretur,
1533 4896 1611 4942 aliter
1623 4907 1685 4942 vero
1695 4906 1758 4940 non.
1781 4892 1805 4955 b.
1816 4893 1841 4938 2.

92 4977 189 5039 pinu
197 4971 390 5032 alimentorum,
406 4982 472 5027 quae
483 4970 576 5019 dudum
587 4970 674 5030 pueris
684 4975 711 5018 et
722 4969 818 5031 pusilis
828 4970 965 5029 dabantur,
999 4966 1125 5015 Rasiilcae
1136 4966 1245 5013 libertae
1257 4968 1343 5014 decem
1364 4966 1449 5027 dedit,
1471 4976 1544 5022 quam
1565 4962 1633 5023 apud
1646 4960 1795 5021 Epictetum
1816 4960 1844 5005 et

93 5043 181 5091 velit
193 5040 276 5101 sequi,
285 5039 351 5086 sciat
361 5037 521 5086 Hadrianum
532 5037 710 5095 constituisse,
718 5042 747 5085 ut
758 5036 832 5098 pueri
843 5036 965 5095 usquead
999 5034 1134 5081 callistum
1145 5033 1255 5080 libertos
1266 5047 1323 5081 esse
1334 5033 1427 5095 voluit,
1448 5036 1487 5095 ut,
1499 5045 1575 5092 quum
1586 5030 1665 5076 tuerit
1675 5028 1787 5075 Basilica
1796 5038 1844 5072 an-

94 5110 241 5161 decimum
262 5112 402 5165 octavum,
432 5104 536 5166 puellae
553 5118 635 5166 usque
655 5107 687 5152 sd
704 5110 822 5163 quartum
840 5106 965 5152 decimum
998 5115 1090 5149 norum
1102 5099 1333 5163 vigintiquinque,
1358 5097 1705 5157 eamusurisquincuncibus
1721 5095 1844 5143 restitue-

92 5190 215 5228 annuns
233 5175 346 5222 alantur.
391 5172 426 5219 Et
450 5174 515 5220 bane
541 5173 649 5221 termam
671 5173 702 5218 ab
723 5173 855 5220 Hadriano
880 5173 965 5223 datam
999 5172 1099 5225 rentur,
1120 5167 1470 5231 itautexusuris‘aieretur,
1491 5169 1570 5226 prout
1580 5167 1687 5211 aetatem
1699 5161 1843 5222 ampliaret.
1901 5192 1906 5195 -

92 5243 302 5295 observandam
323 5254 388 5301 esse,
407 5241 550 5301 imperator
568 5245 657 5287 noster
677 5240 818 5299 rescripsit.
854 5239 904 5288 Sed
926 5243 966 5286 et·
1000 5236 1149 5294 quaesitum
1162 5239 1214 5284 est:
1236 5249 1269 5282 an
1281 5249 1313 5284 es
1325 5235 1483 5297 aiiocapite,
1505 5245 1555 5292 quo
1566 5229 1725 5292 generaliter
1741 5226 1845 5305 libertis

90 5313 122 5363 ai
152 5310 319 5372 generaliter
338 5310 457 5369 pubertas
477 5320 531 5355 nos
551 5308 589 5355 sie
605 5307 757 5369 dednistur,
777 5312 861 5355 tamen
883 5306 966 5368 pleta-
999 5305 1189 5359 libertabusque
1199 5303 1304 5365 eibsria,
1316 5308 1341 5350 et
1352 5302 1484 5365 vestiaria,
1495 5304 1522 5348 et
1532 5299 1719 5347 habitationem
1728 5296 1844 5355 reliquit,

89 5383 139 5431 tis
162 5378 266 5426 iutuitu
283 5378 311 5424 in
327 5377 384 5423 sola
398 5376 482 5436 specie
494 5376 673 5422 alimentorum
684 5377 733 5423 boe
754 5377 854 5435 tempus
871 5375 965 5423 aetatis
999 5371 1077 5419 etiam
1088 5369 1214 5418 Rasilicse
1225 5371 1398 5419 deberentur't
1408 5366 1568 5428 Respdndit:
1579 5364 1717 5413 secundnm
1729 5375 1769 5424 es,
1780 5373 1846 5418 quae

91 5460 173 5498 esse
190 5446 386 5505 observandum,
406 5457 459 5491 non
470 5447 511 5491 eat
521 5442 637 5491 incivile.
675 5444 698 5503 5.
714 5445 739 5490 2.
762 5444 812 5490 Sed
822 5441 844 5489 si
856 5442 964 5490 alimen·
998 5441 1214 5498 proponerentur,
1236 5451 1290 5485 non
1300 5436 1396 5495 deberi,
1419 5436 1470 5483 nlsl
1482 5437 1530 5483 boc
1539 5445 1639 5494 quoqne
1650 5430 1675 5479 el
1687 5432 1773 5511 datum
1784 5439 1846 5488 pro·

90 5522 142 5579 u,
173 5527 240 5574 quse
261 5513 335 5561 vivos
355 5512 510 5573 praestabat,
529 5507 677 5568 reliquerit,
697 5511 837 5557 eudemum
849 5514 965 5569 praesta-
998 5506 1113 5552 baretur.
1149 5505 1283 5552 claudius:
1306 5507 1375 5564 quia
1385 5499 1846 5551 destinauerutals'nseatisesssssss-

91 5576 963 5643 buntur,quaemontistemporepraestaresolituserat3quaresi
998 5586 1045 5619 rus
1052 5575 1190 5633 pecuniae,
1200 5586 1267 5634 qaas
1276 5572 1466 5632 specialitates·
1473 5570 1688 5632 praedegnoerut.
1723 5562 1779 5621 Μ.
1793 5558 1847 5615 Qui

89 5652 187 5701 forte
210 5649 284 5697 varie
305 5647 476 5709 praestiterit,
496 5645 551 5693 eius
571 5652 657 5693 tamen
679 5644 802 5704 temporis
820 5645 963 5702 praestatio
997 5638 1149 5686 societatem
1161 5640 1410 5688 omniumbouorum
1423 5650 1528 5685 suorum
1548 5648 1605 5680 eum
1624 5640 1710 5677 uxore
1731 5637 1778 5672 sua
1799 5635 1846 5681 per

88 5717 285 5782 spectabitur,
306 5716 375 5777 quod
394 5715 542 5774 proximum
560 5713 637 5761 morti
655 5712 711 5761 eius
736 5711 795 5758 luit.
831 5711 899 5764 uuit
920 5725 962 5763 er·
996 5692 1845 5783 sunossmpttusquamagtatamtatt,testmentoendem*

89 5801 168 5901 ‘ab
180 5784 290 5901 :¹13¹ae
302 5786 447 5899 'tqqqqr'qtur
457 5780 543 5831 ninus
552 5781 709 5844 praestabat,
726 5778 784 5840 plus
795 5777 888 5826 nortis
898 5783 963 5828 ietn·
1038 5788 1059 5844 ‘l
1075 5786 1158 5832 iiisrte
1168 5785 1421 5889 nestroeelisflnaqa
