4330 6424
323 289 376 345 bl2
495 286 577 347 DlG.
606 281 777 337 xxxvii.
805 280 832 334 d.
878 212 943 331 ΒΕ]
969 273 1183 332 uoxoutJii
1217 270 1415 331 tostus&
1451 268 1632 332 ouum
1667 274 1877 331 ribubus.

325 430 460 491 parentem
471 424 629 474 naturalium
640 421 722 485 uenit,
733 422 779 470 sed
789 420 966 480 emeneipetus
978 419 1045 466 riuis
1056 419 1104 479 eis,
1112 431 1167 464 uos
1206 419 1279 475 petre
1288 419 1392 462 mortuo
1403 415 1732 466 inherediteiehsbiturus
1743 420 1821 482 esset,
1842 416 1866 464 si
1878 416 1908 463 is
1924 417 2052 477 potatu·

324 499 403 545 etiem
413 500 472 554 posi
490 498 596 541 mortem
608 504 710 547 eorunm
732 490 780 536 hoc
791 490 859 536 euim
872 489 959 534 uerius
969 493 1019 548 eet,
1029 492 1087 546 pust
1098 498 1168 532 mor·
1206 483 1357 542 mansisset,
1379 488 1405 530 εί
1416 484 1475 531 ίιΙεο
1485 485 1541 532 sive
1551 484 1737 546 emsncipetee,
1757 485 1815 533 elue
1822 484 1857 547 is,
1877 484 1924 545 qui
1941 485 1972 531 in
1982 488 2053 545 pote·
2088 506 2094 521 ·

323 573 375 612 tone
385 576 474 610 eorum
484 561 672 617 emancipetnm
684 570 737 603 uon
748 557 859 602 edmiiii.
1205 555 1272 596 stete
1283 548 1387 612 meneit,
1399 550 1454 597 sive
1465 551 1493 598 in
1503 551 1672 610 edoptiouem
1683 554 1756 600 deine
1765 566 1799 600 ex
1812 551 1922 600 minime
1931 552 2054 611 penele-

375 633 431 675 vit.
450 631 554 677 caius
574 628 641 674 tibrs
659 625 735 671 XIV.
747 623 912 670 addidicisset
928 621 1103 681 prorisciote.
1140 618 1168 665 Si
1206 631 1246 664 res
1258 619 1370 675 scriptus
1381 617 1424 679 sii,
1435 631 1488 663 non
1501 619 1629 677 redigitur
1639 620 1671 666 ed
1682 633 1736 667 cem
1745 619 1948 682 portionem,ex
1958 619 2053 680 queis·

324 701 441 745 retentus
451 696 529 742 inerit
540 695 567 740 in
578 697 706 752 potestsie
717 704 805 750 nepos,
817 690 872 736 filio
883 688 1055 748 eureucipeio,
1076 686 1169 732 edmit-
1205 685 1311 731 stitutus
1321 689 1369 745 est,
1380 684 1426 731 sed
1437 685 1538 731 virilem
1549 687 1653 746 occipit.

325 767 389 810 iiiur
400 777 481 822 nepos
492 764 552 808 viro
563 752 613 806 eso
624 763 655 807 ed
667 759 748 818 petris
760 760 886 803 bonorum
899 755 1100 814 possessionem.
1254 750 1299 796 ΙΧ.
1313 753 1414 799 Cuius
1424 753 1492 798 tidrs
1503 750 1581 798 XIV.
1594 755 1632 800 ud
1639 753 1761 800 Edieiess
1766 752 1946 813 pruiseinie.
1963 753 2052 800 Utrum

377 833 445 876 lilii.
466 824 964 889 titptanrutroxlamdtiuierm.
1000 823 1059 869 Non
1069 819 1171 879 poterit
1204 821 1290 864 sutem
1300 822 1373 876 petor
1382 818 1612 883 edopiivnsviset,
1634 820 1872 881 murmuriosus,
1892 819 2052 867 nihilinter-

325 900 434 944 l’reetor
443 895 647 945 exheredatione
658 897 763 939 notnios
773 897 799 938 εί
810 895 924 938 remotus
933 889 967 935 ed
984 892 1076 935 contre
1095 886 1170 933 tebu-
1206 890 1259 943 est;
1280 897 1339 931 neus
1355 884 1405 932 hoe
1414 886 1501 932 solnm
1511 888 1651 949 queeritur,
1671 900 1705 933 en
1715 888 1743 934 lu
1755 888 1880 948 sdoptire
1889 887 1993 934 iemilis
2004 889 2053 932 eiii

325 967 365 1010 iss
376 966 501 1012 bonorum
513 963 703 1023 possessiouem
716 959 897 1017 edmitteudos,
918 954 994 1001 sicuti
1006 969 1054 1002 nee
1065 955 1122 1001 iure
1134 954 1171 999 ci·
1255 951 1289 997 X.
1310 952 1806 1011 UtptusrsstibroXL.adEdieisss.
1835 955 2055 1013 Siposimoriem

326 1031 686 1088 riliiestsmeuteperenium
701 1027 814 1073 turbent.
849 1026 917 1071 Seue
937 1023 960 1068 si
980 1022 1065 1071 velint
1085 1023 1171 1069 inoili-
1206 1018 1695 1068 teetetorisheresinstitntusfiliuein
1711 1021 1880 1080 sdoptionen
1899 1034 1928 1069 se
1944 1021 2055 1069 dederit·

325 1101 389 1146 eiosi
403 1099 534 1156 querelem
547 1098 694 1154 instituere,
702 1098 741 1139 est
753 1093 781 1139 in
791 1094 905 1150 ipsorum
917 1090 1036 1137 erbitrio.
1050 1092 1073 1149 d.
1081 1092 1103 1136 l.
1115 1087 1171 1132 iili-
1206 1087 1332 1132 bonorum
1343 1086 1531 1144 possessionem
1543 1095 1635 1135 contre
1644 1089 1746 1136 tebules
1756 1088 1877 1148 eccipere
1889 1091 1984 1148 potest,
1996 1089 2057 1146 quie

325 1180 376 1226 que
386 1172 458 1226 perte
478 1165 621 1211 tubulorum
633 1162 786 1208 exheredem
798 1158 875 1205 ecrihi
887 1171 939 1204 nou
951 1157 1060 1217 subicit,
1082 1156 1127 1201 sed
1138 1167 1169 1200 eo
1206 1152 1311 1210 scriptis
1321 1152 1457 1199 heredibus
1467 1155 1596 1205 institutis
1605 1169 1659 1202 non
1670 1157 1736 1203 solet
1748 1169 1845 1204 nocere
1855 1156 1972 1215 edoptiu.
1994 1158 2018 1216 §-
2032 1158 2054 1201 l.

325 1237 415 1293 gredo,
435 1239 526 1280 conire
537 1246 609 1290 quem
621 1229 719 1287 petitur
729 1229 856 1274 bonorum
867 1224 1006 1284 possessio.
1038 1224 1111 1269 Unde
1121 1221 1143 1267 si
1154 1235 1171 1267 e
1206 1220 1233 1265 εί
1243 1219 1313 1265 filius
1324 1219 1352 1265 iu
1363 1220 1531 1280 edoptionem
1542 1222 1617 1268 detus
1626 1236 1675 1270 evo
1686 1229 1805 1273 meterno
1824 1224 1901 1272 heres
1916 1223 2055 1270 institutus

325 1302 408 1360 prino
420 1302 499 1360 gredo
511 1285 728 1346 euheredet'ussit
739 1293 821 1353 fliius,
843 1293 986 1338 eseonnrlo
1003 1289 1169 1349 prseteritos,
1206 1287 1264 1332 ute
1275 1289 1479 1350 petrenniureii,
1499 1291 1636 1337 commisso
1647 1304 1692 1349 per
1702 1291 1784 1339 elium
1802 1291 1889 1339 silleio
1905 1291 1992 1350 megis
2005 1294 2055 1350 est,

326 1372 353 1413 et
364 1370 446 1426 primo
457 1367 537 1425 gredo
549 1365 637 1423 scripti
659 1376 711 1408 uon
733 1361 858 1418 petierint
879 1360 1006 1406 bonorum
1026 1356 1169 1416 possessio·
1207 1356 1236 1398 ut
1247 1353 1372 1401 bonorum
1382 1356 1572 1413 possessionen
1583 1357 1700 1417 eeeipere
1710 1357 1807 1417 possit,
1827 1370 1877 1405 sec
1887 1359 1961 1405 euim
1971 1357 2056 1416 exigi-

326 1448 383 1481 uem
394 1469 401 1495 ,
422 1435 519 1492 poterit
530 1438 622 1479 contre
633 1430 734 1477 tebules
746 1428 861 1486 sculpere
880 1428 1006 1473 bonorum
1027 1423 1169 1483 possessio·
1206 1433 1271 1482 mus,
1290 1425 1320 1466 nt
1330 1422 1406 1468 edest
1417 1418 1593 1485 herediteteen,
1613 1425 1658 1473 sed
1669 1425 1771 1487 senen,
1786 1429 1816 1471 ui
1825 1425 1850 1472 ei
1860 1425 1951 1473 delete
1960 1425 2006 1485 sii,
2016 1437 2056 1470 eu-

326 1516 393 1547 uem.
425 1503 485 1560 §.2
512 1498 688 1555 Nonqueevis
706 1494 876 1543 exheredetio
893 1497 1034 1539 summoset
1055 1492 1136 1538 tilium
1155 1502 1171 1534 s
1207 1488 1325 1547 quiriqne
1336 1489 1426 1546 possit.
1461 1492 1485 1549 p.
1497 1496 1522 1536 2.
1533 1490 1562 1536 si
1574 1491 1601 1536 iu
1614 1492 1778 1550 edoptiouem
1789 1492 1866 1539 detue
1876 1496 2056 1552 postemque·

325 1574 417 1614 contire
427 1567 528 1611 tebules
539 1568 664 1612 honorum
681 1563 858 1623 possessione,
881 1560 926 1606 sed
946 1572 1010 1619 quse
1030 1559 1082 1604 rite
1102 1560 1171 1604 lecte
1207 1556 1278 1600 iussu
1290 1555 1372 1613 petris
1383 1556 1499 1615 edopiisi
1513 1558 1954 1621 hereditetemediii,emeueipetns
1967 1556 2056 1609 luerit,

326 1640 375 1681 ert.
410 1635 470 1692 Μ.
491 1633 667 1679 siebunoex
690 1630 827 1678 heredibus
847 1629 881 1674 sit
901 1627 971 1674 iilius
990 1626 1171 1683 exheredeius,
1207 1627 1292 1681 potest
1303 1626 1396 1669 contre
1405 1625 1506 1670 tebules
1517 1627 1643 1672 bonorum
1654 1625 1843 1684 possessionem
1859 1627 1993 1687 eecipere,
2014 1625 2056 1671 he-

326 1701 468 1748 Mercelius
478 1700 545 1746 libro
556 1712 627 1745 nono
639 1700 804 1757 Digestorum
816 1696 916 1755 scribit,
929 1693 1012 1740 ilium
1021 1706 1075 1739 non
1087 1690 1171 1738 rideri
1206 1689 1393 1749 rediietemque
1408 1691 1463 1750 ipse
1481 1690 1568 1750 potins
1588 1693 1699 1753 hebebit,
1725 1706 1799 1752 quens
1814 1697 1891 1752 peter
1907 1692 2054 1752 edepiirns

327 1768 526 1824 euheredetum,
547 1768 644 1813 idcireo
655 1770 748 1812 contre
764 1763 864 1809 tebules
881 1763 1006 1808 honmum
1027 1759 1172 1819 possessio·
1206 1759 1229 1816 ί.
1242 1759 1267 1803 t.
1288 1756 1357 1803 illud
1367 1758 1509 1805 notsndum
1520 1763 1568 1822 est,
1580 1760 1657 1823 quod,
1667 1764 1695 1807 et
1704 1759 1727 1805 ei
1738 1760 1834 1807 edierit
1842 1759 2018 1807 herediteten
2029 1759 2055 1804 is

328 1850 385 1881 uem
395 1835 447 1893 peti
459 1847 534 1892 posse
542 1839 636 1880 contre
647 1838 783 1887 utrumque
794 1830 922 1877 heredem.
950 1827 1172 1888 §.dhiexhere-
1205 1823 1369 1883 edoptionsm
1380 1824 1463 1888 tetus,
1483 1830 1576 1874 contre
1588 1827 1689 1873 tebules
1702 1826 1727 1874 ei
1738 1828 1826 1886 deturp
1848 1826 1919 1873 slies
1933 1824 2056 1874 eniesssi

327 1905 403 1947 ditus
415 1900 450 1947 sit
460 1900 538 1959 filius,
552 1907 577 1947 et
588 1901 729 1958 institutus,
741 1897 876 1944 obtinente
886 1911 918 1944 eo
928 1895 1019 1955 gredo,
1029 1897 1058 1941 in
1069 1907 1119 1955 quo
1130 1894 1172 1940 in-
1205 1891 1263 1950 quis
1274 1891 1388 1950 legetnm
1399 1893 1454 1941 sive
1463 1894 1610 1952 portionem
1622 1894 1671 1941 sibi
1683 1896 1766 1942 detsue
1777 1895 1931 1955 eguoserit,
1942 1908 1960 1941 e
1970 1898 2057 1941 essin

269 1974 274 1983 '
327 1971 435 2016 stitutus
445 1974 494 2027 est,
507 1972 578 2026 puto,
589 1967 724 2014 commisso
735 1966 819 2012 edicto
830 1966 862 2011 sb
875 1964 928 2010 ello
938 1963 1009 2019 illio,
1030 1966 1122 2008 contre
1133 1965 1171 2007 te·
1207 1958 1308 2007 tebules
1318 1959 1443 2007 honorum
1454 1962 1620 2020 possessione
1629 1961 1794 2021 repellendus
1805 1966 1861 2010 eet.¹
1889 1960 2056 2022 φιλική,

328 2036 401 2083 buius
412 2049 469 2082 eum
481 2035 605 2081 bonorum
617 2034 805 2094 poeeeseionem
817 2037 902 2091 petere
913 2043 997 2089 posse.
1017 2031 1040 2088 d.
1053 2033 1076 2075 5.
1085 2031 1106 2073 Λ
1119 2029 1172 2088 pri·
1206 2026 1249 2086 qui
1260 2030 1353 2072 contre
1365 2027 1464 2073 tebules
1475 2028 1568 2076 hebere
1580 2043 1631 2076 uon
1642 2032 1759 2090 possunt,
1776 2042 1824 2076 nec
1835 2031 1940 2089 putem
1952 2028 2056 2085 ieeiut,

327 2117 370 2149 mo
381 2104 459 2162 gredo
472 2103 629 2159 preeieriius
642 2108 680 2150 est
691 2101 775 2159 iilius,
795 2112 811 2144 s
821 2099 935 2145 seeundo
945 2097 1129 2153 exheredetum
1149 2094 1171 2140 si
1207 2093 1228 2139 sl
1240 2106 1287 2151 per
1295 2093 1362 2139 elios
1372 2095 1549 2142 committetur
1559 2097 1683 2155 edietum;
1704 2109 1755 2154 quo
1767 2097 1837 2144 enim
1847 2096 1950 2143 bonnm
1965 2100 2006 2143 esi
2019 2095 2055 2141 eis

327 2170 409 2229 primo
420 2168 499 2228 gredo
511 2170 601 2228 scripti
613 2183 667 2220 non
677 2169 730 2215 sint
742 2168 769 2213 in
780 2165 857 2215 rebus
868 2163 984 2211 humenis
995 2163 1085 2210 mortis
1108 2168 1172 2209 tom·
1208 2161 1304 2221 terere,
1325 2165 1460 2219 otperiem
1472 2162 1789 2212 tocientnibilhebiiurii
1816 2165 1840 2224 d.
1856 2162 2054 2211 mustene-ti

327 2251 390 2296 pore
400 2235 543 2291 tcsieiorlr,
554 2237 688 2283 dicendum
700 2239 748 2296 eet,
760 2236 852 2280 contre
863 2232 963 2278 tebules
975 2232 1101 2277 bonorum
1113 2242 1172 2289 pos-
1207 2227 1283 2274 liberi
1295 2229 1503 2286 quemedmodum
1515 2229 1625 2277 celicium
1636 2244 1690 2277 non
1701 2232 1878 2294 committunt,
1887 2230 2054 2278 iteseeeue-

327 2304 469 2350 sessionem
480 2303 650 2361 prseteritum
661 2308 750 2362 peiere
770 2314 822 2347 non
844 2312 933 2358 posse,
953 2297 1084 2345 heredites
1103 2296 1171 2343 enim
1208 2295 1285 2340 misso
1297 2294 1420 2353 perelios
1431 2296 1517 2344 edicio
1528 2310 1585 2345 enm
1606 2298 1662 2344 illie
1674 2300 1828 2347 reninuterl
1846 2300 1981 2347 εοεοηι
1998 2311 2053 2357 pss-

325 2370 478 2417 insecundo
490 2372 571 2429 gredo
583 2376 769 2430 sersetur,non
781 2369 808 2414 in
820 2368 954 2426 primo,ex
966 2378 1015 2424 quo
1027 2362 1172 2422 nequeedi-
1208 2360 1357 2423 sessionem,
1379 2374 1481 2423 noeque
1496 2364 1534 2411 eis
1551 2364 1656 2422 querele
1670 2370 1797 2430 superest,
1818 2368 1841 2414 si
1861 2367 1894 2415 de
1911 2366 2054 2414 isumus

326 2437 502 2500 riheredltes,
523 2452 607 2495 neque
617 2441 742 2486 bonorum
755 2433 884 2495 possessio
895 2433 948 2492 peti
960 2437 1054 2492 poieei.
1088 2429 1171 2478 Sedsi
1207 2428 1304 2475 dicent.
1332 2430 1355 2487 ς.
1368 2433 1390 2476 i.
1403 2430 1444 2491 tii,
1457 2431 1500 2490 qni
1514 2437 1621 2492 propter
1630 2432 1698 2481 elios
1709 2440 1801 2482 conire
1811 2434 1918 2481 tehnles
1929 2435 2053 2480 honorem

327 2508 507 2564 postmortem
524 2506 658 2553 testetorie
677 2504 835 2552 decesserint
855 2501 960 2547 heredes
982 2498 1084 2561 scripti,
1105 2498 1171 2544 idem
1208 2494 1398 2555 possessionem
1408 2501 1508 2561 petunt,
1528 2513 1582 2546 non
1592 2508 1754 2565 exspectent,
1774 2502 1955 2562 uipreeteriti
1974 2502 2053 2547 boue-

326 2571 466 2619 iiiercellus
476 2576 561 2633 potet,
581 2577 673 2620 contre
683 2572 783 2619 tebules
794 2570 919 2616 bonorum
930 2569 1120 2631 possessipnen
1130 2576 1172 2611 se-
1208 2576 1265 2609 ruue
1280 2564 1469 2622 possessionem
1486 2567 1622 2632 eecipient,
1642 2582 1732 2617 serum
1747 2568 1797 2629 ipsi
1813 2582 1919 2629 quoque
1931 2570 2055 2615 bonurn

326 2639 377 2685 ruel
389 2643 474 2684 nete
484 2644 639 2703 competere.
675 2640 723 2686 Sed
735 2641 761 2688 et
771 2637 793 2684 si
804 2635 929 2685 deiecerit
938 2635 1056 2681 conditio
1067 2631 1171 2680 institu-
1207 2631 1396 2699 possessionem
1412 2638 1501 2691 petere
1515 2638 1608 2682 contu
1625 2635 1727 2684 tebules
1743 2640 1867 2697 possunt,
1885 2649 1966 2696 quum
1986 2634 2055 2681 enin

327 2705 418 2767 tionis,
441 2706 522 2752 edhnc
534 2708 686 2754 tentundem
696 2706 768 2767 dicit,
789 2702 955 2764 preeieritunt
965 2703 997 2749 eh
1008 2716 1040 2749 ee
1050 2700 1130 2759 gredo
1141 2699 1172 2745 ii-
1207 2699 1287 2746 semel
1303 2699 1428 2747 heneilcio
1444 2700 1554 2748 eliorum
1572 2704 1603 2749 ed
1620 2703 1647 2750 id
1662 2704 1813 2752 heuedeium
1827 2702 1933 2750 inerint
1943 2703 2055 2761 ednlsm‘,

324 2772 391 2820 lium
412 2776 504 2820 conire
523 2775 625 2822 tebules
651 2776 778 2821 bonorum
803 2770 993 2830 possessionem
1020 2769 1171 2828 petiturum.
1207 2767 1256 2813 iem
1270 2770 1438 2830 noncurent,
1454 2774 1544 2827 petent
1561 2769 1839 2820 illioeonehonorum
1851 2769 2053 2829 possessionen.

326 2840 397 2887 idem
408 2839 509 2901 scribit,
520 2847 546 2888 ei
556 2843 579 2889 si
593 2846 736 2902 postumus,
747 2839 788 2899 qui
800 2838 937 2885 institutus
947 2837 1006 2899 tuit,
1027 2848 1081 2883 nou
1092 2834 1172 2882 inerit
1257 2833 1303 2879 Xl.
1322 2833 1448 2881 Pontes
1462 2837 1528 2882 titre
1546 2836 1614 2884 XLI.
1632 2839 1670 2883 od
1682 2839 1810 2886 Edictum.
1847 2836 1877 2884 Si
1895 2836 2054 2895 iuedoptio·

327 2909 419 2965 setun
440 2919 498 2953 nem
510 2911 592 2956 edhos
606 2914 698 2956 conire
718 2906 818 2954 tebules
837 2906 962 2952 bonorum
982 2903 1171 2964 possessiouem
1208 2913 1266 2947 nem
1279 2900 1354 2946 deins
1363 2902 1409 2947 sub
1420 2903 1572 2951 conditione
1582 2905 1692 2963 scriptus
1703 2907 1736 2953 sii
1746 2903 2052 2962 beresenetureiipsise,

326 2976 471 3032 competere
481 2973 551 3038 tito,
571 2973 768 3023 Marcelluselt.
803 2974 863 3033 Μ.
885 2971 1039 3031 Siquissue
1056 2980 1173 3017 menneo
1208 2967 1261 3014 elio
1282 2969 1459 3018 committente
1478 2978 1570 3019 contre
1590 2973 1690 3023 tebules
1710 2972 1821 3020 edictum
1837 2976 1865 3018 et
1885 2972 1942 3030 ipse
1956 2971 2053 3016 reslet.

325 3039 482 3087 exheredem
494 3043 645 3106 scripserit,
665 3056 698 3091 su
709 3044 800 3090 conire
810 3036 1048 3087 tenuisstmmrum
1070 3049 1172 3097 posces-
1207 3034 1258 3081 tied
1269 3035 1292 3080 si
1303 3035 1559 3101 deieceritconditlo,
1571 3040 1706 3101 repellitur
1717 3040 1747 3087 ub
1757 3052 1788 3086 es
1798 3039 1977 3097 possessione.
1988 3038 2055 3084 tdese

325 3107 426 3154 sionem
437 3107 521 3167 possit
530 3111 664 3169 eeeiperel
676 3110 814 3157 sideemus.
827 3106 861 3152 Ei
870 3106 1009 3154 itiercellus
1020 3106 1089 3153 libro
1101 3116 1171 3151 nouo
1207 3103 1271 3161 puto
1282 3106 1308 3149 ei
1321 3102 1349 3149 in
1360 3118 1401 3167 eo,
1421 3106 1463 3161 qui
1475 3120 1538 3164 pure
1548 3107 1662 3169 quidem,
1682 3107 1727 3155 sed
1746 3120 1798 3153 tion
1815 3105 1874 3152 iure
1891 3106 2004 3164 scriptus
2018 3103 2055 3148 sii

325 3173 501 3237 Digestorum,
521 3190 616 3224 nocere
627 3179 652 3226 ei
663 3174 974 3236 ieneexhereuetiunem,
992 3174 1039 3236 eli,
1059 3174 1171 3234 quiese-
1208 3169 1289 3216 beree.
1325 3173 1349 3232 p.
1372 3174 1394 3218 1.
1415 3172 1541 3231 Fixcmpio
1560 3174 1625 3219 iuris
1640 3173 1751 3235 legitimi
1768 3176 1794 3218 et
1811 3172 1941 3219 honorum
1953 3185 2053 3232 posse*

326 3246 404 3288 uetus
415 3243 462 3289 hoc
473 3256 519 3301 pro
529 3258 583 3291 non
594 3246 689 3306 scripto
700 3258 753 3293 uon
764 3241 842 3305 tecit,
861 3244 928 3298 quod
940 3246 1031 3288 contre
1047 3253 1104 3287 eum
1122 3243 1170 3285 esi.
1207 3237 1246 3282 sio
1258 3241 1350 3284 contre
1359 3238 1458 3285 tebules
1470 3240 1642 3289 distribuitur.
1668 3242 1751 3303 igitur
1764 3243 1876 3301 nepotes
1885 3253 1921 3289 ex
1932 3252 1988 3286 nus
1998 3238 2052 3285 dile

327 3312 350 3370 ς.
362 3310 387 3355 ¹t.
408 3309 438 3358 Si
454 3310 512 3366 quis
527 3312 716 3372 emencipetum
730 3311 812 3359 titum
830 3308 1042 3367 exheredererit,
1064 3319 1172 3362 eumque
1207 3316 1284 3350 unem
1296 3308 1393 3363 portem
1405 3306 1543 3353 hebebuni.

326 3380 417 3438 postes
426 3381 598 3442 errogsrerlt,
616 3378 774 3438 Pepinlenus
785 3377 852 3425 libro
870 3375 1020 3422 duodecimo
1031 3373 1172 3427 Qneesiio-
1256 3370 1316 3419 xii.
1338 3375 1436 3419 Caius
1456 3374 1522 3422 libro
1543 3375 1617 3421 xit.
1637 3377 1675 3424 ad
1686 3373 1993 3435 Edietsstprorr'sciule.
2026 3372 2054 3418 Si

326 3457 388 3490 num
398 3445 443 3506 eit,
456 3443 513 3492 iure
524 3446 654 3493 netureiie
665 3447 693 3492 in
704 3460 736 3494 eo
747 3442 905 3505 preesslere,
923 3443 1018 3489 idcirco
1029 3440 1172 3489 exherede—
1207 3439 1306 3485 duobus
1322 3439 1384 3486 tiliis
1403 3442 1430 3485 ei
1447 3454 1480 3487 ex
1497 3442 1582 3489 eltero
1601 3441 1658 3491 lilio
1669 3443 1766 3490 duobus
1775 3442 1916 3501 nepotibus
1926 3445 2055 3488 homeru

326 3512 425 3558 tionem
437 3524 538 3561 nocere.
573 3516 596 3575 ς.
609 3518 634 3560 8.
646 3514 696 3561 Sed
709 3514 735 3561 in
748 3517 874 3560 estroneo
886 3508 1003 3557 Mercelli
1017 3508 1171 3556 sententium
1206 3506 1336 3565 possessio
1353 3510 1490 3571 competet,
1513 3513 1539 3556 et
1555 3508 1622 3556 ulier
1633 3526 1664 3558 ex
1677 3509 1814 3569 nepotibus
1825 3522 1881 3556 non
1894 3514 1976 3571 peiet,
1995 3519 2054 3566 pers

286 3628 290 3635 ¹
327 3579 428 3639 probet,
440 3581 467 3624 ui
478 3579 644 3627 exheredetio
656 3581 680 3629 ei
691 3584 814 3639 errogsio
825 3580 915 3638 posiee
926 3589 978 3623 non
989 3580 1088 3623 noeeet.
1110 3576 1133 3635 §-
1147 3576 1172 3618 9.
1207 3572 1493 3623 eiuetrutrleoerescit.
1529 3576 2053 3635 Siteroextliiieelierssonpetet,ten

325 3644 492 3694 Postliminio
503 3653 587 3694 eutem
599 3647 784 3705 reversoillio,
806 3644 941 3691 dicendum
959 3650 1010 3706 est,
1030 3641 1172 3690 exherede-
1207 3640 1293 3703 iretri,
1314 3653 1389 3698 qoem
1399 3644 1538 3701 nepotibus
1555 3636 1579 3689 ld
1598 3647 1718 3703 prodest,
1737 3656 1847 3700 nemque
1864 3648 1930 3690 inne
1947 3643 1997 3689 duo
2011 3654 2054 3687 se·

327 3713 426 3760 tionem
437 3715 714 3765 enietsetemnocere.
748 3709 1172 3775 §.lii.Siiiilumioedoptirsis-
1207 3709 1297 3755 mium
1307 3708 1382 3770 liunt,
1395 3722 1428 3756 en
1440 3712 1531 3769 quibus
1541 3710 1652 3759 silerum
1663 3711 2054 3773 illins,slierumuepeteeess·

327 3779 402 3827 milis
412 3779 580 3827 constitutum
591 3787 666 3841 peter
675 3780 802 3827 netnrelis
812 3777 1023 3839 exheredsverit,
1035 3775 1128 3823 deinde
1139 3774 1173 3819 sii
1207 3777 1358 3832 sequnntur.
1393 3780 1416 3835 p.
1431 3778 1453 3822 1.
1471 3777 1499 3824 si
1510 3779 1583 3837 prius
1592 3783 1769 3826 testamentum
1782 3780 1869 3826 exstet
1881 3777 1940 3824 iure
1950 3779 2054 3834 ίιείιι,

325 3846 397 3894 filins
408 3847 592 3909 emencipeins‚
604 3849 706 3898 nocebit
717 3847 741 3895 el
752 3844 930 3894 exheredetio.
978 3846 1002 3906 p.
1018 3845 1056 3891 ll.
1067 3844 1098 3889 in
1109 3841 1172 3888 edo·
1206 3856 1256 3903 quo
1273 3842 1343 3890 fliius
1361 3843 1534 3891 exheredetus
1551 3850 1600 3906 eet,
1620 3859 1730 3904 sequeus
1746 3844 1936 3907 imperfectum,
1958 3845 1984 3891 in
2003 3855 2056 3903 que

327 3913 443 3975 ptionem
456 3913 530 3960 detos
541 3914 611 3961 tilios
622 3929 676 3963 non
688 3913 844 3962 summoueri
855 3910 964 3959 Preetor
975 3909 1076 3971 rotuli,
1096 3908 1172 3957 modo
1207 3911 1364 3970 preeieritus
1375 3910 1409 3955 eit
1419 3909 1497 3975 filius,
1517 3913 1663 3975 posteriore
1675 3916 1830 3961 testemenio
1843 3913 2002 3971 prseterites
2012 3924 2055 3956 re-

326 3981 435 4029 heredes
447 3980 561 4028 instituti
572 3982 634 4029 sint.
670 3982 704 4028 Et
716 3982 763 4031 hoe
773 3979 916 4027 iustissime
926 3990 984 4028 eum
995 3978 1100 4038 iecisse,
1121 3977 1172 4021 ¹¹2·
1207 3981 1247 4025 rie
1257 3980 1328 4038 petet
1338 3978 1462 4026 bonorum
1474 3982 1672 4041 possessiouem.
1707 3981 1736 4029 si
1753 3983 1856 4027 remoto
1878 3976 2057 4037 quaerentia

326 4052 375 4096 beo
386 4049 438 4107 eit,
449 4062 497 4097 uec
508 4049 576 4096 enim
588 4049 614 4097 iu
627 4052 710 4097 totum
720 4047 841 4099 extranei
853 4048 921 4093 suni.
957 4042 1027 4106 Ergo
1038 4047 1060 4092 ei
1072 4044 1172 4090 tuerint
1207 4046 1321 4104 potiores
1332 4046 1384 4092 sini
1395 4045 1422 4091 in
1433 4059 1465 4093 es
1475 4048 1621 4096 herediisie
1632 4048 1779 4108 posteriore
1790 4050 1950 4094 testemonio
1963 4043 2058 4104 scripti

326 4116 435 4164 heredes
445 4115 551 4178 scripti,
572 4112 701 4178 eeoipiebi
712 4121 803 4163 contre
822 4114 1171 4172 tebulsshonorumposses-
1206 4113 1322 4175 heredes,
1343 4113 1381 4159 ite
1392 4100 1526 4179 ius⁴hebet,
1543 4120 1580 4177 ut,
1599 4115 1698 4176 cumis,
1715 4116 1893 4175 oontrsquem
1905 4114 2060 4171 ntimpemt
2089 4168 2092 4173 ⁴

326 4185 443 4244 siouem;
464 4185 508 4231 sed
520 4183 569 4245 ipsl
581 4184 631 4232 soli
643 4198 696 4232 uon
707 4183 868 4231 committent
887 4182 1007 4245 edictum,
1028 4181 1079 4227 nisi
1091 4179 1170 4226 tuerit
1207 4179 1333 4227 bonorum
1344 4180 1543 4249 possessionem,
1563 4187 1649 4230 emoto
1659 4182 1715 4229 filio
1726 4183 1809 4241 possit
1819 4181 1943 4229 obtinere
1952 4178 2061 4227 heredi·

325 4251 394 4299 elius
404 4252 560 4311 praeteritus
571 4264 603 4299 ex
616 4251 715 4313 liberis,
727 4250 770 4313 qul
781 4251 868 4299 solent
878 4252 1038 4298 committere
1048 4247 1169 4295 edietum.
1207 4252 1293 4311 teiem,
1309 4248 1380 4295 illius
1389 4263 1489 4308 quoque
1500 4253 1570 4297 recte
1582 4251 1700 4297 uidentur
1709 4253 1796 4309 petere
1807 4251 1938 4296 bonorum
1952 4258 2060 4308 posses·

326 4320 376 4366 h'ed
387 4318 476 4379 stipes
487 4319 596 4379 scriptus
607 4318 717 4374 nonsit,
737 4318 782 4365 sed
792 4318 869 4382 silus,
890 4317 933 4375 qui
945 4316 970 4364 el
981 4315 1115 4373 ecquirere
1125 4314 1171 4360 he·
1206 4314 1319 4375 sionem;
1339 4314 1363 4362 si
1374 4328 1436 4363 uero
1448 4316 1495 4364 ille
1505 4331 1558 4365 non
1569 4317 1653 4377 possit
1662 4316 1781 4365 ohtlnere
1792 4314 1976 4379 herediieiem,
1984 4315 2061 4362 usius

326 4386 461 4438 rediteiem
472 4391 568 4449 potest,
591 4401 643 4435 uon
655 4390 694 4436 est
706 4387 734 4434 ln
745 4398 776 4432 ee
787 4398 871 4443 reuse,
894 4390 922 4432 nt
933 4398 990 4434 enm
1002 4380 1034 4430 ed
1044 4384 1171 4431 honorum
1206 4396 1305 4445 quoque
1316 4382 1481 4431 excludetur.

325 4452 915 4513 possessionemcontenisbulessdmitiemns.
950 4451 1170 4513 §.luctantem
1253 4450 1325 4497 xlii.
1353 4451 1516 4501 Iulienses
1542 4452 1610 4501 iuro
1635 4450 1745 4500 xxiii.
1768 4448 1948 4511 urgerem..
1993 4449 2063 4494 cu·

328 4520 498 4567 edmitieutur
508 4521 539 4568 sd
551 4523 674 4568 bonorum
686 4518 884 4580 poeseerionem.
907 4532 939 4567 cx
951 4512 1041 4566 libe'ris
1059 4529 1117 4565 esse
1126 4528 1171 4564 eos
1205 4516 1380 4578 emencipetus
1392 4521 1520 4568 bonorum
1532 4519 1722 4579 possessionem
1733 4520 1826 4565 contre
1838 4517 1943 4565 tebules
1954 4516 2064 4575 eeeipit,

326 4591 442 4645 oportet,
462 4592 574 4635 ceterum
586 4589 608 4635 si
620 4589 769 4648 edoptitusn
781 4586 860 4633 illium
873 4587 931 4634 dedi
949 4586 975 4635 in
995 4576 1171 4646 edopiinnent,
1206 4585 1317 4645 scriptus
1335 4585 1410 4634 heres
1421 4586 1445 4633 ei
1456 4587 1626 4635 bereditetem
1636 4584 1737 4648 petenti
1749 4586 1880 4645 cogendus
1890 4588 1932 4631 est
1944 4588 1973 4632 et
1983 4596 2065 4644 pree-

327 4655 354 4698 et
364 4650 484 4701 heredem
495 4655 595 4719 scripsi,
601 4657 737 4703 eornmieso
749 4666 795 4713 per
805 4652 872 4700 ulios
883 4653 968 4701 edicio
979 4655 1172 4711 bonorumpos-
1206 4652 1249 4700 die
1259 4656 1286 4701 et
1297 4665 1387 4703 seruos
1396 4653 1569 4702 herediterios
1579 4658 1726 4716 premiere,
1748 4665 1825 4699 omne
1836 4652 1906 4699 euin
1917 4652 1973 4714 iss,
1990 4649 2066 4711 qnod

326 4720 409 4765 sessio
422 4724 514 4768 contre
525 4722 624 4770 tebules
635 4725 658 4771 ei
671 4736 724 4771 nou
740 4720 849 4768 debitur.
884 4723 907 4782 p.
922 4722 960 4768 is.
984 4721 1066 4768 Detur
1086 4721 1172 4767 entem
1207 4717 2065 4781 peroensemherediisriemscriptusheresneneiecitur,edee·

327 4783 361 4841 ei,
372 4788 414 4847 qui
426 4787 455 4833 in
465 4788 588 4851 edopiiss
598 4791 698 4841 inmitis
708 4792 756 4849 est,
765 4792 857 4837 conire
868 4788 1172 4846 tebuleshouorumpos·
1207 4787 1345 4836 irenslerri
1361 4801 1468 4846 eequum
1484 4791 1532 4851 esi,
1552 4801 1626 4850 quern
1634 4788 1744 4837 Preeior
1758 4786 1862 4835 heredis
1880 4785 1944 4832 ioco
1959 4785 2067 4833 cousti-

327 4850 417 4913 sessio,
429 4852 451 4903 sl
463 4867 494 4902 co
504 4856 584 4915 gredo
595 4857 669 4906 heres
680 4859 792 4917 scriptus
802 4857 851 4918 sii,
872 4861 964 4904 conire
974 4870 1047 4914 quem
1060 4855 1114 4915 peti
1125 4868 1171 4916 po·
1208 4856 1268 4903 init.
1303 4857 1327 4917 d.
1341 4856 1363 4904 1.
1383 4854 1434 4910 (ini
1446 4858 1511 4907 duos
1521 4855 1624 4915 illioset
1635 4870 1668 4904 ex
1679 4854 1765 4903 eltero
1776 4867 1867 4903 eorum
1877 4850 2004 4912 nepote·
2016 4854 2066 4898 he-

326 4918 514 4969 iesibonorum
526 4926 662 4984 possessio.
699 4927 723 4988 p.
735 4926 773 4971 ld.
785 4925 845 4971 Non
856 4929 895 4971 est
905 4937 1010 4987 norum,
1020 4927 1048 4971 nt
1059 4923 1171 4970 emsnci-
1207 4924 1291 4986 hebet,
1302 4936 1360 4971 eum
1370 4923 1398 4971 iu
1409 4925 1573 4985 edoptlouem
1584 4914 1663 4987 dedii,
1682 4925 1707 4972 ei
1716 4920 1838 4970 heredem
1849 4920 1972 4967 institnit
1982 4932 2069 4980 pree·

326 4989 402 5046 peius
413 4991 570 5048 prseteritos
579 4992 636 5053 plus
647 4992 712 5041 iuris
723 4992 827 5054 seriptis
838 4991 974 5040 heredibus
984 4990 1107 5039 nauibus
1117 4990 1173 5036 suis
1208 4992 1288 5038 terito
1299 4988 1383 5038 eliero
1393 4990 1458 5040 diio.
1494 4991 1650 5051 Quseritur:
1670 4986 1731 5047 qnid
1741 4990 1768 5036 in
1777 4988 1819 5035 his
1834 4989 1939 5035 serreri
1957 4988 2070 5043 dehent,

327 5051 434 5115 tribuet,
446 5066 519 5111 quem
531 5057 642 5105 habituri
654 5064 749 5119 essent,
760 5059 784 5104 si
795 5057 846 5106 soli
857 5060 982 5120 luissent,
1005 5058 1099 5121 qnippe
1109 5058 1132 5105 si
1143 5057 1174 5104 b·
1209 5062 1295 5107 utrum
1305 5057 1334 5107 iu
1345 5062 1441 5118 pertcm
1452 5059 1533 5120 petris
1543 5059 1583 5107 eui
1596 5057 1754 5117 edmittetnr,
1777 5068 1811 5102 en
1832 5055 1938 5105 uirilem
1957 5052 2071 5119 portie-

326 5118 389 5177 iius‚
410 5118 452 5183 qul
463 5121 489 5169 in
500 5126 628 5187 potesieie
638 5125 720 5189 petris
731 5129 786 5186 esi,
807 5138 840 5172 ex
853 5126 1002 5175 duodecime
1012 5130 1086 5186 perte
1097 5125 1173 5173 heres
1208 5140 1265 5175 uem
1277 5125 1388 5175 hebeeti
1408 5125 1554 5190 Respondi:
1575 5126 1604 5173 ln
1614 5124 1779 5189 edoptionem
1789 5123 1866 5169 deins
1877 5135 1964 5184 nepos
1973 5124 2006 5169 et
2018 5121 2071 5168 be·

327 5186 463 5248 scribetur,
475 5189 636 5249 emencipeto
647 5192 802 5251 praeterito,
822 5191 955 5241 dimidient
966 5198 1065 5253 pectem
1074 5192 1173 5241 bened·
1208 5207 1250 5243 ree
1260 5188 1380 5253 scriptus,
1390 5193 1511 5250 unemdiu
1522 5199 1594 5253 peter
1600 5193 1661 5251 ‚eius
1671 5195 1715 5239 eui
1726 5190 1753 5237 in
1765 5192 1959 5250 potesisie,sut
1969 5200 2071 5239 eaen-

327 5268 369 5303 sso
380 5254 536 5314 emenelpeti
547 5263 668 5321 occupet,
687 5260 747 5319 qui,
771 5259 793 5306 et
805 5260 991 5319 enisuripsium
1001 5261 1107 5311 tretrem
1118 5272 1172 5305 non
1208 5260 1307 5321 cipetue
1319 5264 1368 5323 est,
1388 5270 1441 5309 non
1452 5264 1538 5320 poiesi
1552 5254 1642 5311 nutrire
1652 5257 1752 5309 tebules
1764 5259 1889 5307 honorum
1909 5256 2072 5321 possessis·

326 5316 440 5381 heberet,
452 5320 627 5373 duodecimum
639 5328 737 5385 portem
748 5325 883 5375 hebiturns
894 5334 969 5375 esset.
990 5326 1054 5377 Nem
1066 5328 1093 5374 ei
1104 5325 1127 5373 si
1138 5340 1172 5375 ex
1208 5341 1266 5375 nem
1281 5327 1412 5388 scopere,
1430 5324 1475 5383 sed
1495 5327 1561 5375 etei
1595 5332 1653 5389 ¹eter
1670 5324 1727 5391 eius
1743 5328 1815 5381 ente,
1834 5336 1912 5385 qoem
1927 5312 2074 5375 bouum

325 5387 515 5449 pertempto·
525 5385 560 5434 sit
569 5386 644 5438 beree
655 5386 800 5452 institutus,
811 5405 863 5440 non
874 5408 921 5454 pro
932 5408 963 5443 ee
973 5398 1060 5457 perte,
1071 5408 1123 5463 que
1132 5388 1173 5443 in·
1207 5394 1399 5459 postessippem
1411 5390 1549 5453 eeciperei,
1570 5343 1710 5461 dpeppsee'rit
1724 5442 1727 5455 ,
1740 5405 1791 5440 uon
1809 5390 2074 5453 edmittiturssepo·

327 5456 432 5504 stitutus
442 5460 492 5518 esi,
511 5455 622 5502 tuendos
633 5462 673 5504 eei
684 5459 820 5505 commisso
831 5460 931 5523 edicto,
951 5462 996 5509 sed
1006 5461 1117 5523 emplius
1127 5477 1173 5522 per
1207 5462 1589 5521 edbonorumpossessionem·
1619 5452 1708 5523 μδ
1729 5456 2073 5521 peier,et·⁸¹¹dit⁸¹ss¹3⁸

326 5522 862 5588 eouornmposeessionembebercpoteet.
896 5527 1097 5581 i’reetorienim
1112 5542 1172 5590 pro·
1207 5532 1358 5591 prseteriio,
1376 5529 1484 5583 heredes
1495 5530 1560 5583 duos
1573 5531 1685 5591 scripeer
1733 5512 1827 5591 istisne,
1846 5524 1966 5591 cnemis
1982 5533 2071 5589 ‚pte

327 5592 440 5656 positum
449 5595 505 5653 eet,
527 5603 602 5651 quum
613 5590 816 5641 conireiebutss
835 5591 961 5644 bonorum
982 5588 1171 5656 possessionem
1207 5601 1274 5653 stete
1285 5597 1412 5659 hubebei,
1433 5598 1460 5643 et
1470 5597 1587 5663 silerum,
1607 5588 1702 5663 ,θεῷ
1751 5578 1923 5663 ίίΪίίίίίῙῡΜ

327 5659 377 5723 det,
386 5674 428 5710 ees
441 5663 526 5720 peries
537 5659 677 5719 uniruique
688 5655 830 5706 liberorum
842 5659 964 5724 tribuere,
973 5676 1034 5722 ques
1046 5664 1172 5710 luteeiets
1207 5679 1239 5710 ex
1252 5676 1302 5721 quo
1315 5658 1379 5709 duos
1389 5669 1498 5725 nepotes
1507 5663 1534 5710 in
1545 5632 1644 5711 radon
1654 5656 1801 5720 reliqueret,
1817 5659 1862 5720 qni
1874 5660 1902 5707 et
1912 5588 2074 5717 im
