4336 6440
517 317 612 392 ιιιο.
641 319 700 379 xr.
726 321 753 380 ι.
781 321 807 379 s.
853 325 914 379 aa
950 320 1112 399 annuo
1149 325 1418 387 οοιιιιοιιο.

101 477 157 519 eum
168 453 330 512 esss‘ssxsll
341 458 455 528 sctioai,
476 462 599 523 quianon
610 467 649 514 est
661 466 688 513 in
700 466 790 514 nestra
801 469 939 527 potestate.

100 534 122 593 p.
137 535 159 579 l.
180 532 335 590 Qnuqnam
344 535 429 579 sutem
440 532 524 592 placet
536 533 616 581 etism
627 548 685 581 earn
696 534 795 597 teneri,
816 535 859 596 qui
876 536 940 583 alie-

93 614 158 649 num
169 613 275 648 serrum
286 611 363 645 suum
372 601 458 647 fassus
468 604 546 663 esset,
553 604 668 649 attamen
679 602 825 651 rectissime
834 602 940 663 placuit,

100 683 154 719 eum
165 669 269 717 demum
280 666 384 729 teneri,
407 668 451 725 qni
462 681 537 716 suum
552 670 639 729 potuit
657 670 765 730 habere3
785 674 901 719 eeternm
917 671 940 717 si

100 736 242 785 dominium
252 746 378 793 quaerere
388 748 443 783 aaa
453 736 550 797 potuit,
561 750 616 785 noa
626 739 721 786 teneri.

143 804 229 851 xuu.
247 804 266 851 1
270 805 337 850 usa
348 802 416 850 libre
429 801 595 852 XXXVIII.
607 806 645 852 ad
653 805 782 852 Edictum.
809 805 839 853 sl
850 819 939 853 sersus

99 886 147 919 non
158 872 195 919 sit
206 872 295 932 nnius,
316 869 360 916 ssd
371 870 497 933 plurium,
517 874 544 919 et
554 884 644 920 omnes
654 874 758 921 mentiti
770 879 831 920 snat
843 888 900 921 enm
912 874 939 920 io

98 954 140 987 ms
149 942 285 999 potestate
292 950 347 984 aon
357 951 423 1001 esse,
445 938 487 986 rel
498 939 601 999 quidam
610 954 644 988 ex
655 941 721 998 illis,
741 946 786 988 aut
797 941 858 989 dolo
870 943 939 988 fece-

99 1012 164 1059 runt,
177 1020 230 1066 quo
240 1005 327 1055 miuus
337 1006 372 1052 sit
383 1006 412 1054 ia
421 1010 566 1070 potestate,
587 1009 765 1069 unusquisque
775 1009 881 1056 illorum
900 1012 939 1056 te-

98 1076 201 1124 nebitur
211 1074 242 1121 in
252 1074 374 1136 solidum,
386 1074 598 1133 quemadmodum
610 1079 771 1133 tenerentur,
782 1076 804 1123 si
815 1076 939 1124 haberent

97 1147 121 1195 in
130 1146 274 1202 potestate.
310 1143 337 1187 ls
347 1154 427 1204 vere,
449 1142 493 1203 qui
502 1143 570 1190 nihil
582 1144 643 1192 delo
654 1146 731 1206 feeit,
753 1157 804 1203 que
814 1143 901 1193 minus
911 1144 939 1191 iu

97 1214 225 1275 potestate
235 1209 352 1266 heberet,
363 1209 406 1257 vel
415 1224 470 1257 nou
480 1212 601 1275 negarit,
612 1227 666 1260 ιιοιι
678 1213 818 1261 tenebltnr.

124 1279 223 1325 Xillll.
241 1278 260 1325 1
265 1278 401 1326 aliorsus
412 1279 480 1326 libro
490 1280 540 1326 IV·
550 1281 587 1327 ad
599 1282 719 1328 Urseium
729 1281 860 1329 Ferocem.
887 1280 939 1334 ost

97 1362 125 1396 es
136 1351 213 1407 parte
230 1345 338 1392 dimidia
353 1346 428 1394 heres
445 1349 517 1408 erat,
539 1360 618 1404 quum
633 1349 766 1397 absentem
786 1348 938 1397 coheredem

98 1430 168 1462 susm
180 1413 323 1463 defendere
334 1414 431 1477 vellet,
453 1421 482 1463 ut
493 1415 672 1463 satisdatioaIs
683 1430 749 1463 onus
761 1416 863 1465 esitare
878 1429 939 1476 pos-

97 1488 139 1545 set,
153 1481 294 1541 respondit
304 1495 333 1529 se
343 1481 428 1527 selum
438 1481 558 1530 heredem
569 1497 634 1544 esse,
656 1487 683 1531 et
692 1485 877 1532 condemnatas
888 1488 937 1530 est.

97 1551 243 1605 Quaerebat
251 1553 338 1597 actor:
355 1562 429 1608 quum
444 1549 499 1609 ipse
510 1551 637 1598 solvendo
647 1565 700 1599 noa
711 1557 789 1613 esset,
800 1566 834 1598 an
844 1552 937 1598 rescis-

97 1633 122 1667 so
130 1618 270 1676 superiore
282 1615 382 1663 iudicio
392 1618 421 1663 iu
431 1631 505 1679 eum,
528 1619 571 1677 qni
582 1633 673 1666 resera
683 1620 758 1667 heres
778 1624 848 1682 erst,
869 1619 937 1665 aetio

98 1687 145 1735 lari
156 1686 285 1733 deberetl
320 1684 448 1732 Proculus
459 1687 610 1746 respondit:
630 1687 743 1735 rescisso
754 1687 852 1734 iudicio
862 1700 937 1748 posse

98 1757 141 1814 spi.
181 1756 264 1814 quue
275 1753 315 1801 est
326 1765 423 1799 rerum.

141 1821 219 1868 XIX.
245 1822 460 1881 Papinianus
479 1821 548 1868 libro
573 1823 655 1870 VIII.
675 1825 870 1882 maestiorem.
909 1823 937 1869 Si

98 1891 179 1952 flius,
203 1903 284 1950 quum
299 1901 347 1947 pro
367 1890 440 1948 patre
458 1902 506 1936 sno
523 1895 626 1953 ageret,
641 1894 728 1938 taeeat
747 1891 938 1949 iuterrogatus,

99 1959 181 2007 mnia
190 1957 301 2019 perinde
312 1956 475 2008 observanda
485 1962 562 2005 erunt
569 1991 578 2022 ,
599 1971 629 2006 ae
640 1959 663 2005 si
673 1972 727 2006 ιιοιι
738 1963 808 2007 esset
821 1958 937 2007 iuterro-

99 2032 177 2087 estus.

138 2095 202 2142 XX.
232 2095 367 2143 Pasias
387 2094 455 2142 libro
475 2094 515 2142 11.
536 2097 729 2154 Quaestionem.
763 2094 814 2152 Qui
836 2107 938 2142 serrum

97 2163 207 2212 alienum
219 2162 387 2222 responderit
398 2175 473 2210 sunm
484 2176 555 2225 esse,
576 2164 599 2211 si
610 2162 810 2211 noxali-iudicio
822 2176 937 2210 consen-

98 2236 134 2279 tus
142 2232 189 2293 sit,
200 2231 336 2279 dominum
346 2231 456 2289 liberat,
473 2231 551 2278 aliter
561 2238 639 2291 atque
650 2232 670 2278 si
682 2231 738 2289 quis
749 2233 883 2278 confessus
894 2231 937 2293 sit,

98 2314 121 2346 se
130 2299 261 2347 eccidisse
271 2312 384 2363 serrum,
395 2313 473 2358 quem
482 2298 550 2346 allus
561 2300 663 2362 oceidit,
674 2299 716 2346 vel
729 2300 751 2345 si
762 2300 819 2358 quis
828 2312 938 2359 respon·

98 2368 158 2415 derit
169 2382 197 2415 se
209 2368 330 2414 heredem
342 2382 349 2427 3
371 2382 430 2416 nam
442 2367 483 2414 hist
494 2367 598 2414 essibus
608 2380 661 2415 ιιοιι
672 2367 809 2431 liberatur,
819 2367 863 2425 eui
875 2366 937 2414 feeit

98 2435 278 2493 selpuiheres
289 2437 339 2481 est.
376 2435 502 2483 Neehaee
513 2434 764 2483 intersecantrsris
781 2440 858 2494 sunt,
879 2448 938 2481 nam

96 2504 228 2563 superiore
239 2515 301 2549 essu
311 2516 345 2550 ex
355 2515 467 2563 persons
478 2505 548 2550 servi
559 2505 610 2550 duo
624 2506 755 2560 tenentur,
766 2503 833 2551 sicut
845 2503 872 2549 ln
883 2515 937 2549 ser-

68 2564 74 2575 '
96 2584 126 2617 so
135 2571 267 2617 summani
279 2570 406 2627 belmas,
423 2571 467 2618 ubl
478 2570 563 2620 alteru
574 2573 704 2619 convento
715 2570 781 2619 alter
792 2584 893 2631 qnoque
905 2569 937 2616 li-

96 2639 211 2697 berstnr3
233 2641 261 2684 st
272 2638 303 2701 is,
315 2639 357 2696 qui
370 2637 527 2696 confitetur,
548 2652 576 2686 se
587 2639 711 2687 oceidisse
723 2639 765 2685 sel
776 2639 937 2696 vulnerasse,

95 2720 138 2753 suo
150 2706 260 2753 nonnae
271 2711 391 2770 tenetur,
413 2719 462 2753 nee
478 2707 552 2755 debet
569 2707 725 2766 impunitum
741 2721 797 2754 esse
815 2706 936 2753 delictum

94 2773 155 2839 eins,
168 2774 216 2832 qui
227 2774 300 2838 fecit,
321 2778 428 2835 propter
439 2787 507 2833 eum,
528 2774 572 2834 qui
582 2775 726 2835 respondit,
747 2774 799 2821 nisi
809 2774 881 2832 qnasi
893 2775 936 2819 de-

93 2843 179 2889 fensor
191 2841 259 2905 eius,
270 2842 315 2902 qui
326 2842 446 2903 admisit,
457 2842 500 2888 sel
510 2842 613 2889 heredis
623 2843 697 2890 litem
707 2842 787 2889 subiit
798 2843 846 2890 huc
857 2856 937 2901 gene-

92 2924 134 2968 re3
155 2911 304 2958 tuncenim
321 2911 349 2957 in
365 2912 462 2957 fastum
481 2910 637 2969 exceptione
657 2910 717 2957 dats
738 2911 936 2958 summovendae

91 2983 128 3027 est
137 2983 224 3039 actor,
232 2978 293 3035 qnia
303 2978 349 3026 ille
360 2977 524 3038 negotiorum
536 2983 667 3037 gestorum
678 2979 719 3025 vcl
730 2979 843 3025 mandati
855 2977 936 3025 aetio-

92 3061 124 3095 ne
135 3050 291 3106 recepturus
303 3051 357 3109 est,
377 3046 445 3104 quud
456 3046 596 3106 praestitit.
633 3046 704 3093 idem
720 3050 760 3092 est
778 3047 806 3093 ia
823 3060 869 3103 eo,
892 3044 935 3103 qni

90 3116 217 3163 mandatu
226 3114 329 3161 heredis
339 3115 457 3162 heredem
467 3127 496 3161 se
507 3128 563 3161 esse
574 3114 717 3175 respondit,
739 3115 781 3160 rel
792 3128 866 3174 quum
878 3126 937 3159 eum

90 3182 161 3230 alias
172 3181 312 3227 defendere
322 3182 408 3229 vellet.
443 3184 467 3243 p.
482 3184 503 3229 l.
516 3185 546 3229 ln
556 3183 613 3230 iore
624 3183 815 3243 iuterrogatus,
833 3196 866 3227 au
878 3182 936 3227 fun-

91 3251 157 3296 dnm
168 3247 320 3307 possidenti
340 3262 444 3313 sumre,
466 3263 501 3296 an
516 3251 674 3309 respondere
691 3250 821 3309 eugendus
840 3251 891 3309 sit,
912 3251 937 3294 et

90 3318 420 3376 quotaexpartefnndum
441 3318 591 3378 possidenti
626 3317 773 3375 Respondi:
795 3317 937 3363 Iauolenus

90 3384 200 3433 scribit:
211 3385 631 3445 possessoremlundicugidebere
639 3387 892 3443 responderemus
903 3396 937 3429 er

90 3456 165 3513 parte
176 3454 286 3500 fundum
297 3454 444 3518 possideat,
463 3457 509 3516 ut,
529 3453 553 3500 si
563 3453 664 3501 minore
675 3467 709 3501 ex
720 3457 794 3513 parte
804 3452 937 3512 possidere

91 3535 117 3569 se
126 3520 206 3584 dicat,
218 3522 247 3567 in
258 3521 335 3569 sliam
346 3528 455 3581 partem,
475 3534 541 3580 quae
552 3535 605 3569 non
617 3522 816 3584 defenderetur,
838 3522 865 3567 in
877 3532 937 3579 pos-

91 3589 236 3638 sessiouem
247 3594 321 3637 actor
330 3590 460 3637 mittatur.
496 3591 519 3650 p.
532 3594 556 3637 2.
579 3590 658 3652 ldem,
679 3594 705 3638 et
714 3589 736 3636 si
749 3588 835 3637 damni
846 3586 937 3635 infecti

92 3670 240 3715 necamus,
263 3670 321 3704 nam
332 3661 358 3706 et
369 3658 412 3705 hie
427 3658 584 3717 respondere
601 3659 689 3720 debet,
711 3660 791 3716 quota
810 3670 843 3705 cx
863 3659 937 3716 parte

92 3727 144 3773 eins
155 3726 193 3773 sit
204 3725 349 3788 praedium,
368 3729 398 3772 ut
409 3727 442 3773 ad
452 3740 507 3774 eam
518 3729 617 3785 partem
629 3726 825 3786 stipulationem
835 3738 937 3771 areom-

92 3793 232 3841 nudemus.
270 3793 361 3841 Poena
371 3798 457 3843 antem
468 3807 522 3841 ιιοιι
534 3794 742 3852 repromittentis
757 3795 821 3843 haee
834 3797 886 3855 eat,
907 3796 937 3838 ut

92 3861 118 3908 ia
127 3862 325 3922 possessionem
335 3875 433 3926 eamus,
444 3866 469 3911 ct
482 3861 541 3911 ideo
553 3875 584 3909 eo
595 3862 712 3924 pertinet
721 3862 798 3927 scire,
809 3875 842 3915 an
853 3860 937 3921 pessi-

137 3998 211 4047 XXI.
234 4000 411 4060 Ulpianus
429 4000 496 4048 libro
515 4001 605 4050 XXII.
617 4004 655 4050 ad
662 4000 790 4050 Edictssas.
825 3998 937 4049 Ubicun-

91 4078 136 4125 que
147 4066 264 4115 indicem
273 4067 392 4125 aequitas
402 4068 523 4136 moverit,
531 4084 612 4129 aeque
623 4073 745 4131 oportere
754 4067 813 4117 deri
823 4066 945 4115 lnterro-‘

91 4135 354 4198 pausemitanae
365 4149 418 4183 nou
429 4140 478 4185 est.

134 4203 226 4250 XXII.
247 4202 418 4263 Scaevoia
432 4206 499 4253 libro
509 4206 561 4254 IV.
573 4208 746 4269 Digestorum.
764 4206 937 4253 Procuratore

90 4270 210 4319 Caesaris
220 4272 253 4318 ad
265 4271 479 4322 debitumhscale
487 4273 677 4336 interregnum,
689 4286 756 4322 nnus
766 4287 799 4322 er
810 4274 881 4336 filiis,
893 4273 937 4333 qui

90 4351 135 4386 nee
144 4341 277 4386 banorum
289 4342 485 4398 possessionem
495 4346 638 4405 acceperat,
659 4357 707 4389 nee
718 4343 792 4390 heres
803 4346 874 4404 erat,
895 4354 937 4387 re-

90 4409 204 4470 spondit,
216 4420 244 4455 se
255 4407 378 4457 heredem
388 4423 462 4469 esse,
473 4423 507 4457 an
517 4412 590 4469 quasi
600 4411 809 4470 interrogatoris
823 4409 936 4456 credito-

88 4474 156 4522 ribus
168 4475 270 4524 ceteris
280 4477 424 4525 teneaturl
448 4479 579 4539 Respondi
590 4493 596 4527 :
617 4481 649 4527 ab
659 4479 708 4540 his,
720 4478 762 4536 qui
776 4478 803 4525 in
814 4477 872 4524 iure
883 4490 937 4523 uon

91 4542 311 4609 interrogassent,
322 4558 383 4593 eum
395 4560 429 4596 ex
439 4558 565 4607 responso
577 4548 625 4595 sud
637 4545 773 4595 eonseniri
784 4558 839 4593 ιιοιι
849 4557 934 4606 ιιοιιο.

92 4727 139 4777 ΒΕ
157 4731 313 4791 QUIBUS
332 4647 731 4848 ΒΕΒΠΞὶΛἸὲυΙέᾗΝΒΕΜ
756 4731 936 4780 subscribi

96 4912 99 4917 ·
136 4885 157 4931 1.
178 4884 385 4943 Pomponius
403 4886 471 4933 libro
490 4885 574 4933 XIII.
593 4886 631 4932 ad
649 4883 782 4932 Sabinam.
818 4885 845 4933 Si
867 4885 937 4933 iuter

92 4949 176 5007 plora
187 4951 310 5000 hmiliae
319 4952 490 5000 erciscundae
500 4957 608 5013 agetur,
630 4954 657 4999 et
669 4952 738 5000 inter
749 4953 852 5001 eusdem
869 4967 937 5000 com-

91 5021 158 5068 moni
169 5020 321 5068 dividundo
331 5024 377 5068 aut
387 5020 478 5068 linium
489 5022 679 5082 regendorum,
700 5022 810 5069 eundern
827 5021 938 5069 iudicem

91 5089 167 5147 sumi3
178 5092 331 5150 praeterea,
342 5101 393 5149 quo
404 5088 507 5136 facilius
518 5092 592 5136 eolre
602 5087 740 5137 coheredes
752 5090 794 5136 vel
802 5089 866 5136 socii
877 5101 938 5149 pos-

91 5154 150 5213 sint,
159 5156 189 5203 irs
200 5156 316 5204 eundem
328 5156 412 5203 locum
423 5157 537 5204 emulum
548 5157 721 5218 praesentiam
731 5155 787 5203 heri
800 5158 912 5216 oportet.

135 5225 172 5272 ll.
205 5223 426 5283 Papinianus
452 5225 518 5272 libro
538 5226 576 5272 II.
599 5225 791 5285 Quaestionum.
822 5225 884 5270 Cum
904 5234 938 5268 ex

89 5289 208 5348 pluribus
221 5291 358 5339 tutoribus
367 5305 444 5355 unus,
455 5293 524 5353 quod
535 5292 616 5342 ceteri
627 5306 681 5338 non
693 5295 753 5339 sunt
765 5292 862 5351 idonei,
875 5303 938 5336 eun-

88 5359 212 5421 senitur,
233 5360 387 5419 postulante
398 5374 432 5407 eo
442 5373 531 5407 omnes
543 5363 575 5408 ad
585 5361 696 5409 eundem
705 5360 816 5407 iudicem
830 5357 939 5407 mittun·

88 5427 138 5491 tor,
150 5433 178 5475 et
188 5427 242 5477 hue
251 5429 386 5489 rescriptis
396 5429 543 5489 principum
554 5429 714 5477 confinetur.

427 5529 518 5589 ΤΙΤ.
540 5530 606 5593 lll.

256 5612 314 5661 aa
349 5613 497 5662 suavo
534 5606 784 5664 consuere

97 5727 102 5737 ·
136 5695 170 5745 Ι.-
184 5696 361 5759 Ulpianus
380 5701 447 5748 baro
468 5700 578 5749 XXIII.
594 5703 631 5749 acl
640 5698 770 5749 auem.
803 5701 938 5751 Aitl’rae-

86 5761 144 5815 turs
176 5774 356 5829 uns-auarus
375 5777 486 5818 amesa
506 5778 624 5817 asrssua
648 5779 768 5817 anasse
792 5778 938 5819 nscsrsssa

989 94 996 121 h

1780 333 1832 392 18³

992 480 1207 520 sansusaraaara
1218 480 1283 525 ‹istst›
1294 484 1322 521 ιιι
1334 483 1456 523 protrusi
1465 482 1537 522 nuso
1546 484 1628 539 assu,
1649 485 1701 530 ertu
1712 487 1764 524 run
1777 489 1830 527 asts

991 549 1170 587 uersarentur
1182 552 1320 603 ras'ens's,
1340 552 1447 606 surita,
1469 553 1572 595 eriasus
1583 555 1617 591 aa
1636 555 1687 591 aas
1705 555 1783 609 sarr,
1805 558 1831 593 ra·

992 616 1098 652 norrun
1110 618 1232 655 suurcsuss
1244 620 1324 655 ιιιοο.
1360 611 1384 670 p.
1399 612 1421 657 l.
1443 610 1493 669 Qui
1504 611 1572 657 bona
1582 612 1632 658 tide
1642 625 1745 660 seruum
1762 615 1834 673 emit,

992 672 1041 719 hue
1051 674 1137 721 edIcto
1148 689 1201 721 nun
1215 677 1360 739 tenebitur,
1382 677 1442 737 quia
1452 692 1501 725 nec
1511 678 1567 738 ipse
1578 679 1674 737 poterit
1693 681 1762 728 servi
1773 696 1831 731 cer-

992 740 1061 798 rupti
1073 742 1227 802 agerequis
1238 743 1304 790 nihil
1316 744 1372 790 elus
1383 745 1502 807 interest,
1511 758 1614 794 servum
1625 760 1677 795 nou
1690 749 1832 810 eorrumpi:

992 810 1019 854 et
1030 819 1092 853 sane
1103 809 1124 854 si
1136 809 1194 865 quis
1205 810 1253 856 boc
1264 811 1405 874 admiserit,
1417 813 1534 875 eveniet,
1546 818 1575 861 nt
1586 816 1685 863 duobus
1696 819 1765 865 aetio
1776 831 1833 864 ser-

990 874 1018 921 vi
1030 876 1146 934 corrupti
1158 880 1300 939 competat,
1322 881 1388 938 quod
1399 884 1438 927 est
1449 882 1595 929 absurdum.
1630 884 1681 932 Sed
1702 898 1749 933 nec
1765 899 1831 945 eum,

991 942 1033 989 cui
1044 943 1111 989 bona
1121 943 1171 990 fide
1181 944 1257 991 humo
1267 944 1334 992 liber
1345 947 1439 1010 servit,
1453 949 1518 995 hane
1528 950 1658 998 actionem
1667 965 1743 1011 passe
1754 966 1833 1001 exer-

992 1024 1060 1073 cere,
1072 1010 1215 1070 opinamur.
1252 1013 1275 1071 d.
1288 1016 1312 1058 2.
1324 1013 1398 1066 Quod
1410 1020 1497 1064 autem
1507 1018 1617 1066 Praetor
1627 1018 1673 1082 ait,
1695 1023 1832 1081 recepisse,

992 1078 1030 1125 its
1041 1078 1194 1140 seeipimus,
1206 1079 1229 1125 si
1240 1080 1384 1139 susceperit
1394 1095 1497 1131 serrum
1507 1085 1623 1133 alienum
1633 1086 1665 1133 ad
1676 1099 1713 1134 se.
1748 1088 1782 1134 Et
1793 1092 1833 1136 est

990 1145 1094 1205 proprie
1104 1145 1237 1207 recipere,
1260 1147 1390 1207 retugium
1399 1151 1572 1198 abscondendi
1584 1166 1661 1199 causa
1670 1168 1746 1203 servo
1757 1170 1833 1216 prae-

991 1217 1061 1260 stare
1074 1214 1116 1261 vel
1128 1214 1155 1260 in
1166 1229 1213 1262 suo
1224 1228 1298 1276 agro,
1309 1215 1352 1262 rel
1363 1216 1390 1263 in
1402 1218 1491 1265 alieno
1502 1219 1560 1266 lucu
1571 1220 1731 1270 aedlflciose.
1767 1225 1791 1284 p.
1806 1228 1830 1272 3.

990 1282 1148 1329 Persuadere
1159 1287 1244 1330 sutem
1255 1285 1294 1329 est
1305 1284 1379 1345 plns,
1401 1299 1474 1345 qnam
1486 1287 1608 1345 compelli
1619 1290 1696 1348 atque
1707 1290 1765 1350 cogi
1782 1292 1831 1341 sibi

990 1363 1091 1409 parere.
1127 1351 1177 1398 Sed
1188 1352 1344 1410 persuadere
1356 1350 1410 1398 ctis
1419 1354 1505 1415 ploos
1516 1354 1603 1403 loeis:
1624 1369 1682 1404 nam
1696 1362 1724 1405 et
1737 1358 1831 1406 bunum

991 1417 1129 1464 consilinm
1142 1419 1199 1478 quis
1212 1419 1296 1466 dando
1307 1416 1394 1479 petest
1409 1421 1536 1484 suadere,
1557 1427 1583 1468 et
1599 1424 1709 1487 melum,
1732 1429 1756 1473 et
1771 1427 1831 1474 ideo

990 1485 1100 1532 Praetor
1112 1486 1222 1534 educit:
1243 1486 1302 1535 dolo
1313 1490 1398 1545 saulo,
1410 1504 1460 1550 qao
1470 1504 1526 1536 suas
1537 1491 1690 1538 deteriorem
1703 1495 1832 1557 facerem

990 1565 1073 1610 neque
1084 1551 1153 1601 enim
1162 1554 1357 1617 delinquit,nisi
1369 1558 1412 1617 qni
1426 1557 1477 1603 tale
1488 1557 1586 1615 aliquid
1597 1571 1673 1605 servu
1684 1563 1830 1624 persuadet,

990 1632 1024 1668 er
1035 1634 1085 1680 quo
1097 1634 1153 1668 eum
1164 1622 1242 1670 faciat
1253 1624 1419 1671 deteriorem.
1455 1625 1505 1681 Qui
1517 1625 1599 1685 igitur
1610 1640 1711 1674 seruum
1730 1629 1831 1676 sullici-

990 1691 1029 1735 tat
1038 1689 1070 1735 sd
1082 1688 1181 1747 aliquid
1193 1690 1234 1737 vel
1246 1690 1391 1739 faciendum
1404 1692 1445 1739 rel
1456 1693 1622 1752 cogitandum
1640 1695 1769 1758 improbe,
1788 1697 1831 1743 hie

989 1757 1094 1804 ridetur
1104 1756 1153 1805 hoe
1163 1757 1248 1804 edictu
1260 1761 1357 1806 notari.
1389 1763 1411 1822 5.
1423 1762 1447 1806 I.
1469 1760 1519 1807 Sed
1530 1766 1617 1808 utrum
1629 1764 1665 1810 ila
1676 1764 1777 1811 demum
1791 1769 1832 1811 te-

989 1828 1076 1887 netur,
1089 1824 1110 1870 si
1123 1827 1207 1873 bonae
1219 1826 1287 1886 frugi
1299 1840 1401 1876 servum
1411 1828 1526 1889 perpulit
1537 1831 1568 1878 ad
1580 1830 1788 1895 delinquendum,
1798 1846 1833 1879 au

990 1906 1053 1940 vcro
1064 1893 1122 1939 etsi
1134 1893 1228 1940 malum
1239 1895 1358 1942 hortatus
1368 1900 1423 1958 est,
1443 1896 1487 1942 vel
1497 1897 1565 1943 malo
1576 1911 1652 1945 serso
1665 1900 1832 1959 monstrarit,

990 1960 1201 2020 quemadmodum
1211 1962 1327 2012 faeeretl
1354 1965 1388 2010 Et
1399 1964 1543 2027 est-verius,
1556 1967 1634 2013 etism
1644 1965 1667 2012 si
1677 1966 1746 2015 malo
1757 1982 1831 2015 mon-

989 2029 1093 2090 strarit,
1112 2029 1139 2075 in
1152 2043 1226 2089 quem
1236 2033 1338 2078 mudum
1350 2032 1513 2091 delinqueret
1551 2035 1635 2081 teneri
1647 2050 1713 2084 eum.
1750 2039 1831 2084 lmmu

990 2100 1016 2144 et
1027 2096 1050 2143 si
1060 2101 1117 2143 erat
1127 2110 1219 2144 servus
1230 2100 1377 2147 omnimodo
1390 2102 1522 2161 fugiturus
1534 2102 1577 2148 vel
1594 2104 1692 2151 furtum
1707 2106 1832 2159 facturus,

989 2165 1105 2225 hisvero
1117 2165 1327 2219 laudatorbuius
1342 2169 1471 2228 propositi
1489 2169 1611 2233 exstitit,
1633 2173 1753 2231 tenetur,
1777 2186 1832 2220 ιιοιι
1879 2184 1881 2187 ·

989 2233 1058 2279 enim
1070 2236 1174 2292 oportet
1186 2233 1316 2283 laudando
1326 2237 1414 2295 superi
1427 2236 1560 2284 malitiam.
1586 2238 1648 2285 Sive
1659 2253 1724 2300 ergo
1735 2240 1831 2289 bunum

989 2313 1092 2348 servum
1104 2300 1196 2348 fecerit
1206 2302 1310 2365 saalum,
1322 2304 1377 2350 sive
1389 2305 1484 2352 malum
1495 2306 1587 2352 feeerit
1598 2306 1763 2370 deteriorem,
1772 2322 1831 2356 eor·

988 2369 1091 2429 rupisse
1103 2368 1242 2418 ridebitur.
1276 2372 1299 2431 p.
1314 2375 1336 2419 b.
1359 2373 1383 2417 ls
1395 2382 1496 2432 quoque
1515 2373 1671 2421 deteriorem
1687 2374 1764 2437 fauit,
1780 2377 1830 2434 ,qui

989 2450 1066 2484 serre
1077 2436 1223 2499 persuadet,
1235 2441 1263 2484 ut
1273 2438 1396 2487 iniuriam
1408 2442 1505 2488 faceret
1516 2440 1558 2486 rel
1570 2442 1683 2502 furtum,
1703 2442 1745 2488 sel
1756 2445 1831 2504 fuge-
1843 2460 1845 2465 ⁴

989 2510 1036 2565 ret,
1050 2505 1091 2551 vel
1102 2504 1217 2552 alienum
1228 2519 1330 2553 servum
1342 2511 1370 2554 ut
1381 2507 1546 2570 sollicitaret,
1560 2509 1602 2556 sel
1614 2511 1642 2555 ut
1652 2509 1780 2568 peculium
1790 2513 1832 2560 irs-

990 2572 1111 2633 triearet,
1124 2575 1170 2619 ant
1180 2577 1281 2622 amator
1291 2575 1433 2622 exsisteret
1443 2576 1485 2623 rel
1496 2590 1571 2638 erro,
1592 2578 1634 2625 vel
1646 2576 1720 2624 malis
1730 2579 1830 2628 artibus

990 2646 1059 2688 esset
1070 2639 1180 2700 deditus,
1193 2642 1234 2689 sel
1246 2643 1273 2689 in
1285 2643 1440 2702 spectaculis
1451 2643 1556 2707 nimius,
1567 2645 1610 2692 rel
1621 2644 1774 2709 seditiosus,
1787 2651 1831 2697 vel

988 2709 1010 2753 si
1022 2710 1104 2756 sutori
1115 2710 1211 2769 suasit,
1235 2712 1319 2758 serbis
1330 2711 1386 2759 siue
1397 2713 1497 2773 pretio,
1519 2715 1548 2759 ut
1559 2713 1675 2761 rationes
1686 2712 1830 2763 dominicas

989 2776 1155 2825 intercideret
1173 2778 1213 2824 rel
1232 2777 1406 2843 adulteraret,
1428 2781 1567 2830 ueletiam
1581 2780 1759 2831 strationem
1778 2783 1829 2832 sihi

989 2845 1147 2892 commissam
1160 2847 1285 2909 turbaret,

1039 2914 1073 2959 ll.
1090 2913 1219 2961 Paulus
1229 2915 1298 2961 libro
1313 2915 1393 2962 XIX.
1405 2917 1442 2963 ad
1448 2915 1577 2967 Edictum.
1595 2919 1644 2967 Vel
1654 2920 1829 2980 luxuriosum,

988 2982 1030 3096 ἔοι
1043 2984 1219 3049 contumacem
1230 2982 1305 3046 fecit,
1323 2983 1400 3040 quire
1411 2988 1440 3030 ut
1450 2990 1566 3047 stuprum
1578 2991 1712 3047 pateretur
1721 3001 1829 3047 persua·

1005 3052 1040 3096 et.

1037 3117 1084 3162 Ill.
1106 3116 1170 3175 step
1178 3118 1188 3162 ι’
1194 3130 1275 3164 anus
1286 3118 1353 3164 libro
1368 3118 1480 3166 XXIII.
1491 3121 1528 3166 ad
1538 3120 1668 3168 Edictum.
1696 3120 1764 3166 Dolo
1775 3134 1829 3166 ma-

987 3183 1014 3230 lo
1025 3183 1127 3230 adiecto
1139 3183 1307 3230 calliditatem
1318 3187 1394 3231 notat
1404 3188 1515 3234 Praetor
1528 3189 1585 3235 cius
1592 3221 1599 3248 ,
1620 3187 1664 3244 qui
1680 3187 1827 3246 persuadet.

988 3252 1107 3298 Ceterum
1119 3250 1140 3297 si
1152 3250 1209 3307 quis
1219 3251 1277 3298 slrse
1288 3252 1348 3299 dolo
1363 3254 1518 3301 deteriorem
1529 3255 1630 3316 lecerit,
1642 3268 1696 3301 ιιοιι
1707 3258 1828 3315 notatum

985 3322 1014 3365 et
1026 3319 1048 3364 si
1060 3320 1131 3365 lusus
1145 3319 1229 3376 gratia
1239 3319 1309 3380 iecit,
1322 3335 1375 3369 nou
1385 3325 1498 3370 tenetur.
1528 3324 1551 3383 p.
1563 3324 1585 3369 1.
1596 3323 1670 3370 Unde
1680 3323 1828 3380 quaeritur:

989 3386 1078 3446 siquis
1090 3387 1265 3435 sersoalicnu
1281 3391 1393 3437 suaserit
1410 3391 1438 3437 in
1456 3392 1552 3438 tectum
1567 3391 1721 3453 ascendere,
1741 3390 1784 3437 sel
1802 3390 1828 3437 iu

988 3459 1093 3514 puteum
1104 3455 1268 3517 descendere,
1276 3460 1302 3503 et
1313 3458 1361 3505 ille
1373 3472 1466 3519 parens
1478 3459 1626 3505 ascenderit
1637 3458 1680 3506 sel
1691 3458 1831 3506 descende-

988 3524 1032 3585 rit,
1044 3526 1070 3570 et
1081 3523 1218 3585 ceciderit,
1230 3537 1338 3584 crusque
1350 3527 1393 3573 vel
1404 3527 1463 3584 quid
1474 3527 1545 3574 aliud
1556 3525 1680 3589 fregerit,
1694 3525 1736 3573 sel
1746 3525 1832 3586 perie-

988 3592 1038 3652 rit,
1049 3604 1081 3636 an
1093 3593 1229 3639 senestuti
1247 3592 1281 3639 Et
1292 3594 1417 3654 siquidem
1430 3595 1486 3642 sine
1499 3594 1560 3642 dolo
1572 3594 1760 3660 malefecerit,
1778 3609 1831 3642 ιιοιι

988 3662 1108 3719 tenetur;
1119 3660 1141 3705 si
1153 3660 1215 3708 dolo
1226 3660 1309 3723 melu,
1322 3664 1463 3710 tenebitur.

1039 3728 1080 3773 lv.
1102 3727 1228 3785 Paulus
1238 3728 1304 3775 libra
1315 3729 1394 3777 XIX.
1405 3732 1442 3778 orl
1453 3730 1580 3779 Edictum.
1610 3731 1661 3779 Sed
1673 3731 1831 3781 commodius

989 3798 1036 3856 est,
1048 3795 1107 3841 utili
1119 3796 1178 3854 lege
1189 3796 1293 3854 Aquilia
1304 3811 1361 3845 eom
1372 3800 1465 3846 teneri.

1023 3864 1051 3909 V.
1074 3864 1243 3924 Ulpianus
1253 3865 1321 3911 libre
1333 3866 1442 3914 XXIII.
1454 3868 1491 3913 ad
1499 3865 1630 3915 Edictum.
1653 3866 1714 3915 Duli
1726 3870 1832 3916 verbum

989 3931 1068 3979 etiam
1078 3933 1110 3978 ad
1121 3945 1188 3992 eum,
1199 3932 1242 3992 qui
1254 3933 1361 3993 recepit,
1373 3935 1537 3982 referendum
1547 3938 1595 3997 est,
1607 3939 1635 3984 nt
1646 3948 1700 3983 ιιοιι
1713 3936 1781 3983 alius
1792 3940 1829 3983 te·

988 4001 1091 4063 neatur,
1110 4000 1162 4046 nisi
1173 4000 1216 4060 qui
1230 4000 1290 4047 dolo
1302 4002 1370 4049 malo
1381 4003 1493 4062 reecpit;
1517 4006 1630 4050 ceterum
1643 4002 1665 4048 si
1676 4004 1733 4061 quis
1744 4008 1773 4051 nt
1786 4004 1831 4050 du-

988 4068 1060 4115 mino
1072 4067 1215 4116 custodiret
1226 4069 1364 4131 receperit,
1384 4070 1428 4117 vel
1439 4070 1613 4131 humanitate,
1631 4071 1673 4118 vel
1685 4071 1832 4119 misericer-

989 4136 1032 4184 dia
1044 4136 1141 4199 duetus,
1154 4136 1196 4184 sel
1209 4136 1261 4184 slis
1271 4139 1381 4197 probata
1391 4142 1468 4197 atque
1479 4138 1548 4185 iusta
1557 4138 1672 4195 ratione,
1691 4153 1746 4188 nou
1757 4145 1832 4187 tene-

989 4204 1067 4253 bitur.
1087 4207 1110 4266 5.
1123 4209 1144 4252 l.
1157 4205 1185 4253 Si
1198 4205 1256 4265 quis
1267 4205 1328 4253 delo
1339 4206 1407 4254 melu
1419 4207 1578 4266 persuaserit
1589 4206 1650 4266 quid
1661 4219 1747 4270 serve,
1757 4220 1830 4265 quem

988 4273 1098 4320 liberum
1109 4275 1221 4336 putebat,
1232 4273 1294 4320 mihi
1306 4273 1416 4336 videtur,
1429 4275 1513 4322 teneri
1525 4288 1583 4322 eum
1596 4277 1734 4335 oportere,
1752 4274 1832 4333 mugit

988 4340 1058 4389 enim
1070 4341 1212 4401 delinquit,
1236 4340 1278 4400 qui
1290 4341 1401 4389 liberum
1412 4347 1504 4401 putans
1516 4342 1679 4402 corruperit,
1700 4344 1727 4389 et
1739 4342 1798 4391 ideo
1810 4340 1832 4387 ai

988 4423 1079 4457 servus
1090 4410 1180 4470 fuerit,
1201 4410 1341 4458 tenebitur.
1378 4411 1400 4470 p
1412 4414 1435 4456 2.
1456 4411 1526 4458 llaec
1538 4410 1606 4456 actio
1618 4407 1697 4457 etiam
1708 4410 1833 4456 adsersus

988 4480 1114 4526 fatentem
1126 4477 1153 4524 in
1164 4477 1267 4537 duplum
1279 4482 1332 4535 est,
1354 4478 1469 4538 qusmris
1479 4476 1586 4537 Aquilia
1596 4477 1756 4525 inficiantem
1766 4476 1833 4522 dun-

988 4550 1062 4593 taxat
1072 4547 1201 4593 coirceat.
1236 4546 1259 4605 p.
1272 4547 1296 4593 3.
1309 4545 1338 4591 Si
1349 4558 1440 4593 sersus
1451 4558 1558 4594 servare
1569 4544 1662 4592 fecisse
1673 4544 1781 4605 dicetur,
1790 4544 1832 4590 lu-

988 4613 1084 4663 dieium
1100 4626 1156 4661 eum
1173 4624 1259 4660 ιιοιιο
1278 4613 1412 4662 deditione
1432 4615 1557 4662 redditur.
1594 4614 1617 4673 p.
1629 4616 1654 4660 l.
1677 4612 1748 4661 llaec
1762 4611 1833 4660 actio

988 4683 1101 4729 refertur
1110 4682 1143 4728 ad
1153 4683 1251 4739 tempus
1263 4681 1333 4728 servi
1345 4683 1461 4741 corrupti
1472 4683 1515 4729 vel
1525 4680 1637 4742 recepti,
1648 4694 1702 4727 aen
1714 4681 1745 4727 ad
1756 4693 1833 4739 prae·

988 4763 1061 4810 sens;
1084 4752 1111 4798 et
1121 4750 1180 4796 ideo
1191 4746 1241 4795 etsi
1252 4749 1400 4809 decesserit,
1422 4751 1464 4798 sel
1475 4750 1605 4797 alienatas
1616 4749 1651 4795 sit
1658 4781 1666 4811 ,
1685 4748 1730 4796 'rel
1741 4761 1833 4795 mauu-

988 4819 1091 4877 missns,
1103 4816 1273 4864 nihilominus
1284 4817 1371 4865 locum
1379 4817 1484 4865 habebit
1494 4817 1578 4875 actio,
1590 4828 1639 4865 nec
1650 4815 1720 4864 enim
1730 4816 1834 4864 exstin-

989 4888 1077 4946 guitur
1089 4884 1291 4933 manumissione
1302 4886 1381 4933 semel
1392 4889 1452 4932 nats
1463 4885 1546 4942 acti03

1037 4956 1082 5001 Vl.
1110 4954 1238 5001 Pasias
1260 4953 1327 5000 libro
1347 4952 1425 5000 XIX.
1445 4954 1482 5000 ad
1500 4952 1627 5000 Edictum.
1671 4951 1833 5002 Praeteritae

990 5023 1057 5071 enim
1069 5021 1192 5068 utilitatis
1202 5019 1351 5068 aestimatio
1363 5021 1391 5067 lu
1401 5021 1450 5068 boe
1460 5020 1557 5067 iudicio
1570 5024 1698 5070 versatur.
1719 5022 1725 5031 ’

1039 5091 1096 5135 vll.
1119 5089 1291 5149 Ulpianus
1310 5090 1378 5136 libra
1397 5088 1506 5135 XXIII.
1518 5088 1556 5134 ad
1565 5088 1693 5138 Edictum.
1729 5092 1794 5138 Nam
1806 5092 1834 5136 et

989 5155 1051 5204 mall
1063 5155 1132 5202 serui
1144 5155 1255 5202 forsitan
1267 5160 1462 5214 consequuntur
1476 5156 1638 5217 libertatem,
1659 5161 1686 5204 et
1702 5158 1833 5216 posterior

991 5236 1069 5271 eausa
1080 5222 1210 5269 interdum
1221 5224 1314 5270 tribuit
1325 5224 1536 5272 manumissionis
1547 5224 1641 5272 iustam
1651 5228 1788 5273 rationem.

1040 5291 1110 5337 vill.
1130 5289 1257 5338 Paulus
1277 5293 1346 5338 libro
1359 5292 1436 5339 XIX.
1447 5293 1484 5339 ad
1494 5292 1623 5340 Edictum.
1659 5293 1710 5340 Sed
1723 5293 1832 5340 etherea

990 5358 1055 5421 eius,
1066 5357 1138 5406 cuius
1149 5370 1239 5404 sersus
1250 5362 1386 5418 corruptus
1398 5364 1446 5424 est,
1456 5361 1532 5408 babet
1543 5360 1609 5408 hane
1619 5360 1757 5417 actionem,
1779 5372 1831 5406 nou

990 5427 1075 5475 solum
1086 5426 1108 5473 sl
1120 5426 1244 5474 manserit
1254 5425 1283 5474 in
1301 5428 1447 5477 hereditate
1464 5441 1569 5493 servus,
1590 5428 1635 5476 sed
1655 5430 1680 5474 et
1692 5422 1714 5470 si
1726 5426 1832 5489 exierit,

989 5495 1180 5555 Iustelegatus.

1042 5563 1088 5610 lX.
1109 5564 1280 5623 Ulpianus
1295 5564 1364 5611 libro
1386 5562 1499 5613 XXIII.
1519 5564 1556 5612 ad
1570 5561 1699 5610 Edictum.
1729 5560 1833 5619 Siquis

990 5644 1094 5680 serrum
1104 5644 1261 5680 communem
1271 5645 1356 5680 meum
1366 5634 1477 5681 etenum
1488 5629 1649 5691 comperit,
1671 5628 1740 5686 apud
1754 5627 1833 5671 lulis-
1916 5684 1919 5689 ξ

990 5714 1052 5749 aum
1060 5698 1129 5747 libro
1141 5713 1212 5747 ιιοιιο
1223 5699 1390 5759 Digestorum
1402 5699 1548 5762 quaeritur,
1571 5710 1604 5744 an
1615 5698 1662 5743 huc
1672 5695 1775 5743 aetiorm
1793 5696 1832 5739 ta-

990 5769 1163 5829 neripussitl
1197 5767 1294 5817 Etslt:
1314 5769 1402 5817 teneri
1413 5783 1470 5816 eum
1480 5767 1564 5823 sociu3
1585 5766 1722 5824 praeterea
1736 5759 1833 5823 poterIt
