4314 6436
338 381 388 435 uo
658 369 740 420 utu.
769 367 866 420 xxx
895 369 917 423 1.
962 365 1017 417 uu
1053 356 1235 415 nunriis
1270 341 1725 409 ur'rrnulconurssra

338 519 359 566 ri
371 513 447 563 iussit
468 510 512 558 aed
522 509 574 555 alio
586 521 694 568 quoque,
707 506 785 553 relnti
797 504 818 551 si
827 495 901 551 ¹tiliae
914 502 1020 551 nurnine
1032 503 1178 559 generonut
1213 495 1343 555 liques-all
1365 491 1487 551 reipubl,
1505 488 1527 535 si
1538 486 1766 567 eertalcarsseiuit,
1781 485 2009 567 enrahiuslltute
2018 498 2053 537 re·

339 593 433 643 eponae
445 547 530 626 dotem
542 576 597 621 dari
616 573 736 632 iusserit,
757 585 809 618 uun
821 572 889 618 eninr
906 583 985 629 gener
1003 574 1048 614 aut
1059 579 1177 626 sponsus,
1215 565 1353 623 linqueret,
1369 573 1433 619 quae
1445 558 1472 605 iu
1484 557 1625 635 substituto
1637 557 1768 634 cessaretl
1784 557 1827 635 sei
1837 555 1913 635 gurd,
1932 555 1956 601 si
1964 554 2054 633 ⁸suluti-

339 650 382 696 sed
393 647 447 695 illia
457 646 535 691 hebet
547 642 688 700 actionem,
710 638 781 686 euius
791 637 901 683 maxime
917 638 1032 683 interest.
1069 636 1091 692 ς.
1104 636 1128 679 3.
1150 634 1177 678 Si
1214 633 1266 676 tuit
1277 643 1309 676 ex
1320 630 1395 687 parte
1405 624 1678 684 fideicommissarium,
1690 636 1731 669 em
1742 623 1773 668 ah
1784 626 1907 669 rusututo
1918 620 2053 679 reliquerat

340 716 443 775 tundus,
460 710 502 768 qui
514 708 672 768 degenerem,
690 705 839 751 servitutem
851 704 941 749 debeat
953 701 1106 760 impositum,
1117 711 1178 758 qur.
1214 693 1456 743 fideicommissuml
1474 693 1503 736 iu
1515 690 1622 738 obscura
1631 689 1712 748 igitur
1722 688 1856 736 voluntate
1865 689 1959 735 locum
1968 688 2052 736 hahere

340 783 373 828 lis
384 784 423 827 est
434 777 490 824 deri
501 776 583 822 debet.
614 772 718 826 Quodsi
730 772 767 817 ita
777 771 879 830 legatus
891 770 938 816 alt:
955 771 995 814 uti
1004 770 1114 826 optimus
1124 780 1179 811 nin.
1215 763 1373 819 rescriptum,
1385 758 1518 805 dicendum
1528 761 1576 803 est.
1867 821 1874 834 .

340 851 473 905 mnusque
492 842 558 887 liber
568 839 733 899 praestandus
746 840 793 885 ert.
817 840 841 896 ἦ.
854 839 877 880 4.
889 838 995 894 Servus,
1005 833 1047 890 qui
1060 832 1086 877 in
1099 843 1179 889 nego.
1264 826 1364 873 LXXV.
1375 825 1393 871 1
1395 826 1462 870 deas
1473 824 1542 870 libro
1552 822 1801 882 IiDa'spetotieesss.
1812 822 1840 868 Si
1852 821 2053 880 siclegstumrei

342 915 378 960 tiu
390 877 481 961 tuerit,
498 908 598 966 legatus
608 918 661 951 non
673 908 734 951 ante
743 903 811 951 tradi
823 902 905 961 debet,
921 914 995 959 quam
1006 899 1121 946 rationes
1134 910 1180 943 ex·
1215 893 1435 941 fideicommissum
1448 892 1482 935 sit
1493 890 1629 936 relietum:
1640 891 1664 937 α’
1673 890 1852 937 aestimaverit
1862 889 1952 947 heres,
1962 890 1989 935 rs'
1996 902 2055 935 τοι·

343 980 434 1039 plicet,
452 945 477 1023 ei
488 975 511 1020 sl
522 975 553 1019 ad
565 973 687 1019 iudicium
699 972 761 1018 itum
772 969 817 1028 sit,
828 968 919 1014 iudicis
930 967 1031 1014 eeedem
1045 970 1129 1022 partes
1140 977 1180 1009 es·
1215 961 1376 1021 probaverit,
1392 959 1416 1004 si
1423 959 1517 1004 ieamer
1523 959 1665 1016 putaverit,
1683 963 1710 1002 et
1720 956 1830 1014 legatum
1840 958 1868 1001 et
1878 954 2055 1032 fideicommis-

342 1061 369 1093 ,ρ
381 1045 481 1091 debent,
510 1042 534 1099 e,
547 1044 568 1086 5.
580 1040 607 1086 st
619 1042 668 1097 rea,
680 1051 744 1094 qnae
755 1037 840 1094 legata
851 1038 898 1096 est,
910 1048 943 1081 en
956 1034 983 1078 in
994 1046 1079 1080 rerum
1090 1035 1182 1076 natura
1217 1042 1271 1073 sum
1282 1025 1426 1085 debebitur,
1442 1024 1563 1079 quoniam
1573 1023 1645 1080 quasi
1657 1022 1714 1069 uiro
1726 1024 1812 1080 potius
1823 1022 1892 1067 bonu
1905 1034 1931 1067 er
1945 1033 2055 1067 comess-

343 1114 377 1159 sit
402 1110 541 1166 dubitetur,
562 1107 639 1166 (torte
650 1105 671 1149 si
683 1104 785 1149 dubium
797 1104 841 1163 sit,
857 1115 890 1146 au
902 1100 976 1146 homo
989 1100 1088 1157 legatus
1101 1095 1182 1152 vivat)
1217 1107 1271 1139 sum
1283 1088 1973 1164 est,noninmeramuoluntatemheredisoolietum.
2002 1088 2022 1146 i.
2034 1089 2054 1135 1.

345 1147 442 1224 nla’cnit
461 1174 503 1233 agi
514 1173 615 1231 quidem
626 1185 658 1218 ex
671 1173 824 1216 testamento
837 1180 921 1227 posse,
939 1166 983 1212 sed
995 1165 1078 1211 oltlciu
1090 1163 1182 1209 iudicis
1217 1160 1246 1207 Si
1256 1159 1317 1205 mihi
1329 1157 1399 1215 quod
1409 1155 1493 1202 Titius
1504 1155 1578 1202 debet
1590 1158 1669 1203 tuerit
1679 1155 1801 1215 tegetum,
1822 1167 1907 1210 neque
1920 1153 2008 1230 'Istius
2017 1153 2055 1200 de-

345 1210 1183 1302 iontiue’ri,utcauliointerponeretur,quahereucaveret3eamee
1218 1228 1285 1287 hert,
1309 1224 1440 1273 sciendum
1456 1228 1505 1285 est,
1526 1224 1626 1270 nullum
1645 1235 1702 1269 esse
1718 1222 1838 1280 legetum.
1875 1221 1911 1267 Et
1928 1219 2053 1297 quidemn

346 1326 395 1358 rem
406 1311 609 1368 persecuturum,
621 1308 656 1366 et,
667 1304 688 1348 si
700 1307 789 1348 nactus
800 1301 842 1362 sit,
853 1301 980 1357 legatario
992 1298 1181 1344 restituturum.
1219 1292 1349 1350 quantitas
1360 1289 1577 1349 uousitedieetig
1600 1288 1715 1336 euidenti
1726 1287 1828 1335 ratione
1838 1286 1908 1333 nihil
1921 1286 2056 1348 debebitur,

394 1373 471 1422 Lxx.
490 1371 576 1417 Idem
588 1371 654 1416 Iihro
667 1369 768 1416 XVIII.
782 1369 819 1414 ad
831 1367 951 1412 Edictum
959 1365 1131 1424 proriaeiute.
1154 1362 1182 1407 Si
1218 1360 1341 1417 quianon
1353 1360 1468 1417 apparet,
1480 1362 1601 1413 quantum
1612 1356 1691 1403 tuerit
1701 1355 1830 1414 legatum,
1841 1366 1902 1399 uam
1914 1357 1943 1400 et
1954 1353 1988 1411 si,
1999 1354 2055 1412 quod

350 1454 434 1490 ‚ervus
445 1438 509 1485 Titii
521 1439 616 1483 lurtum
631 1436 693 1482 mihi
710 1435 817 1495 iecerit,
838 1433 930 1479 deiude
942 1431 1026 1477 Titius
1040 1430 1135 1476 herede
1144 1441 1183 1474 me
1219 1439 1267 1485 ego
1278 1426 1350 1471 Titio
1362 1425 1453 1484 debeo,
1469 1423 1493 1470 ei
1504 1423 1636 1483 legavero,
1652 1422 1797 1481 quantitate
1808 1434 1860 1467 oon
1871 1420 1988 1477 adiecta,
2004 1433 2056 1467 tou·

357 1509 468 1555 instituto
480 1517 581 1551 servum
591 1502 640 1547 tibi
652 1501 786 1560 legaverit,
797 1513 850 1545 uun
862 1504 900 1546 est
910 1499 1034 1555 iniquum,
1046 1497 1183 1542 talemaer-
1219 1497 1270 1539 stet
1279 1491 1378 1538 nullum
1387 1503 1444 1538 esse
1456 1489 1578 1552 legatum,
1588 1504 1663 1549 quum
1675 1490 1696 1535 si
1708 1489 1805 1550 decem,
1815 1500 1880 1549 guae
1888 1486 1966 1532 Titio
1977 1486 2057 1549 debeo,

348 1590 403 1621 «sum
413 1571 460 1619 tihi
471 1569 546 1631 trudi,
568 1569 652 1628 quetis
662 1567 729 1626 apud
739 1568 835 1614 Titium
846 1566 913 1624 tuit,
932 1565 957 1610 id
969 1566 1008 1610 est
1019 1567 1048 1608 ut
1060 1577 1100 1609 me
1112 1562 1183 1607 iude·
1219 1560 1350 1617 legavero,
1372 1570 1421 1605 nee
1431 1557 1567 1613 quidquam
1577 1557 1648 1603 Titio
1659 1555 1777 1616 debeam,
1799 1555 1866 1600 iriae
1876 1553 2057 1601 demonstratio

355 1654 428 1686 nnem
440 1640 554 1697 praestes
565 1636 627 1682 turti
640 1635 758 1695 nomine,
782 1633 849 1693 quud
867 1633 889 1678 is
901 1631 991 1679 iecerit
1002 1629 1067 1688 apud
1078 1629 1183 1674 Titium.
1221 1638 1272 1671 nou
1286 1625 1395 1684 perimat
1406 1624 1563 1684 legatum,ut
1575 1623 1602 1669 in
1613 1624 1698 1683 legato
1711 1622 1780 1668 dotis
1791 1622 1911 1667 lulianus
1921 1620 2056 1677 respoudit.

347 1709 365 1764 i.
378 1709 399 1752 1.
412 1706 476 1751 Nem
487 1707 513 1749 et
523 1703 545 1748 si
558 1703 659 1757 fundus,
670 1701 712 1757 qui
725 1714 780 1747 meo
792 1700 873 1746 tundo
882 1697 1019 1755 serviebat,
1030 1697 1076 1743 tibi
1084 1695 1184 1753 legatus
1220 1693 1243 1751 9.
1255 1695 1279 1738 2.
1291 1690 1388 1744 Quodsi
1399 1689 1541 1737 addiderit:
1552 1692 1646 1746 decens,
1657 1704 1725 1750 qnae
1735 1688 1797 1737 aridi
1808 1689 1891 1734 litter
1901 1687 1989 1745 dedet,
1999 1686 2058 1747 legs,

348 1772 435 1826 luerit,
446 1782 499 1815 nen
509 1768 586 1815 aliter
597 1782 612 1813 e
622 1781 661 1814 me
672 1768 718 1814 tihi
730 1766 857 1826 praestari
868 1766 952 1824 debet,
973 1777 1047 1822 quam
1058 1768 1086 1807 ut
1097 1761 1185 1819 peisti·
1221 1758 1278 1805 sine
1287 1758 1365 1806 dubio
1376 1756 1442 1803 nihii
1453 1757 1504 1802 erit
1514 1756 1542 1802 in
1554 1755 1652 1815 iegato,
1663 1755 1897 1803 naminterielsam
1904 1754 2059 1800 demonstra-

348 1836 565 1886 nomservitutern
581 1835 711 1893 recipiam.
747 1836 770 1892 β.
782 1837 806 1879 2.
828 1834 881 1879 Nee
897 1830 1023 1877 dissimile
1034 1833 1074 1875 est
1084 1828 1123 1887 ei,
1143 1826 1186 1885 qui
1222 1825 1319 1874 tionem
1330 1828 1356 1871 et
1367 1824 1457 1871 taleam
1467 1823 1643 1871 conditionem
1654 1823 1709 1870 sire
1719 1821 1938 1870 eausammultum
1948 1820 2058 1868 intereat.

348 1904 465 1951 mandato
477 1901 586 1948 alieuius
598 1914 698 1947 uersum
710 1900 780 1961 emit,
792 1899 835 1947 vel
845 1899 880 1955 ei,
890 1899 933 1958 qui
944 1909 1046 1944 serrum
1056 1895 1186 1952 redhibet,
1224 1892 1338 1939 Proinde
1348 1892 1375 1938 et
1384 1891 1406 1936 si
1417 1890 1488 1937 Titio
1499 1891 1595 1950 decem,
1605 1889 1741 1947 quaemihi
1752 1888 1827 1936 Seius
1838 1888 1925 1956 debet,
1936 1887 2061 1957 degerere,

348 1971 389 2030 qui
403 1981 491 2017 omues
503 1981 555 2013 nun
566 1968 643 2013 aliter
654 1966 791 2013 restituere
804 1978 905 2012 serrum
915 1967 1054 2024 coguntur,
1076 1975 1149 2021 quom
1158 1964 1187 2006 nt
1222 1959 1324 2006 nullum
1333 1958 1383 2006 erit
1394 1957 1524 2019 tegetum,
1535 1970 1593 2008 esse
1602 1956 1670 2008 enim
1680 1958 1783 2008 debitor
1793 1955 1882 2019 debet,
1893 1976 1956 2008 m
1964 1966 1991 2009 er
2000 1963 2061 2009 riri.

350 2039 417 2084 rutiu
426 2035 552 2081 habeatur
562 2033 635 2093 iurti,
647 2033 714 2092 quod
725 2033 755 2078 ah
766 2045 798 2077 eo
809 2045 884 2078 serso
895 2032 989 2077 iactum
999 2030 1078 2076 tuerit
1089 2028 1131 2073 vel
1141 2039 1187 2072 au·
1223 2038 1271 2073 rus
1282 2025 1437 2089 exegissem,
1459 2029 1674 2089 exstingueretur
1683 2028 1807 2089 legatum,
1828 2032 1855 2075 et
1865 2029 1888 2075 ai
1901 2028 2006 2077 debitor
2014 2043 2062 2077 sss.

350 2112 383 2162 te,
394 2115 467 2159 quum
479 2099 610 2159 negotium
623 2099 826 2159 contraheretur,
837 2098 880 2144 vel
892 2102 990 2155 postea.
1026 2097 1049 2155 ἦ.
1062 2098 1086 2142 3.
1102 2093 1188 2147 (luere
1224 2091 1722 2158 neret,aetionesadrersnreumberes
1732 2094 2062 2154 meusdoutaaetpraests-

348 2174 374 2215 et
385 2170 406 2215 si
418 2172 477 2226 post
487 2167 582 2216 editam
594 2165 762 2211 hereditatem
773 2177 863 2211 sersus
883 2163 984 2222 legatus
994 2162 1082 2208 heredi
1092 2161 1189 2207 turtum
1223 2174 1253 2212 re
1266 2166 1411 2221 cogeretur.
1446 2163 1469 2221 ἦ.
1482 2164 1506 2208 ³.
1516 2163 1544 2223 Si
1554 2163 1612 2221 quis
1624 2162 1659 2209 ita
1670 2161 1822 2219 stipulatus:
1841 2161 1960 2209 Stichum
1969 2164 2062 2208 atde

349 2235 450 2295 iecerit,
466 2234 503 2278 ite
513 2231 639 2290 praestari
651 2229 761 2289 debebit,
778 2234 808 2276 ut
818 2232 849 2277 ob
860 2231 909 2277 hoe
920 2229 1042 2277 delictum
1052 2227 1125 2291 quasi
1134 2227 1190 2275 litis
1224 2245 1286 2289 eeer,
1296 2235 1382 2275 utrum
1391 2242 1436 2287 ego
1447 2228 1532 2290 vetius,
1542 2229 1680 2288 legaverit,
1694 2228 1762 2288 quod
1773 2228 1797 2275 ei
1809 2226 1961 2286 debebatur,
1970 2229 2063 2276 tenebi-

349 2299 496 2348 aestimotio
506 2312 521 2345 u
532 2297 658 2355 legatario
669 2296 808 2344 suilerstur
817 2296 915 2346 heredi.
1225 2302 1267 2344 tur
1278 2297 1352 2344 heres
1363 2295 1427 2351 eius,
1446 2297 1475 2340 ut
1487 2299 1600 2353 praestet
1611 2294 1738 2354 legatario
1749 2293 1894 2356 actionem,
1914 2295 2062 2341 electionem

393 2366 486 2413 LXXI.
508 2365 671 2423 Ulpianus
682 2364 748 2409 Iihro
760 2363 806 2410 LI.
820 2364 990 2411 adIidietsrss.
1002 2363 1030 2411 Si
1041 2364 1131 2411 dumus
1140 2361 1189 2408 ali·
1224 2364 1357 2423 habituro,
1379 2364 1465 2407 utrum
1476 2361 1591 2409 Stichum
1609 2362 1739 2409 andecam
1758 2361 1876 2419 persequi
1887 2362 1976 2407 molit.
2009 2363 2061 2420 μ

349 2434 389 2479 eui
402 2430 599 2490 simpliciterne
610 2431 704 2491 legate,
720 2443 801 2487 neque
812 2431 949 2488 adiectum,
960 2443 1023 2487 quae
1035 2430 1133 2487 domur,
1146 2442 1189 2474 eu·
1224 2429 1337 2477 Proinde
1347 2426 1371 2473 si
1381 2426 1496 2473 Stichum
1507 2426 1643 2488 legaverit,
1662 2441 1739 2486 quum
1750 2428 1797 2474 ille
1807 2428 1831 2475 ei
1842 2428 1962 2475 Stichum
1973 2432 2018 2475 aot
2026 2428 2063 2474 de·

350 2502 445 2558 genter
455 2498 576 2552 heredes,
597 2510 672 2556 quam
685 2496 764 2543 uellet
779 2498 878 2544 demum
891 2509 924 2544 ex
935 2496 990 2559 his,
1010 2508 1072 2555 quas
1081 2500 1190 2543 testetur
1225 2511 1278 2544 ecm
1289 2495 1400 2555 deberet,
1411 2493 1505 2540 incerti
1516 2494 1585 2541 actio
1595 2494 1724 2553 legatario
1734 2495 1859 2541 adversus
1869 2494 1993 2542 heredem
2003 2508 2063 2540 eon·

350 2564 473 2622 lmhebat,
494 2562 703 2623 legutariudare.
732 2563 828 2616 Quodsi
856 2562 944 2610 nullas
961 2564 1037 2610 aedes
1047 2561 1190 2622 reliquerit,
1226 2562 1298 2624 petit,
1309 2565 1338 2607 ut
1349 2558 1453 2618 scripsit
1462 2559 1578 2607 lulianus
1588 2561 1656 2607 libro
1667 2560 2064 2622 tricesimosertionigmtom,

350 2632 430 2691 magis
440 2629 594 2676 derisorium
605 2633 652 2687 est,
664 2640 737 2689 qoam
747 2630 812 2676 utile
822 2633 943 2689 legatum.
961 2632 984 2689 h.
999 2630 1020 2675 l.
1033 2629 1070 2675 lle
1081 2627 1190 2676 evictiu-
1226 2643 1271 2687 per
1281 2642 1355 2685 quem
1366 2627 1495 2673 actionem
1505 2628 1641 2686 compellat
1653 2627 1771 2675 heredem
1783 2626 1917 2686 experiri3
1939 2633 1969 2674 et
1986 2626 2064 2673 sisti-

351 2713 383 2746 ue
393 2712 426 2744 an
437 2709 528 2744 cavere
539 2696 630 2742 debere
640 2695 671 2753 is,
685 2697 726 2752 qui
738 2708 837 2742 serrum
848 2699 1001 2756 praestator
1009 2694 1190 2752 censalegatii
1226 2694 1463 2742 cuun‘eonsecums
1473 2692 1560 2756 tuerit,
1577 2694 1717 2754 praestabit
1729 2694 1762 2755 ei,
1776 2695 1798 2740 si
1810 2695 1908 2753 decem,
1928 2693 2000 2741 nihii
2011 2707 2065 2741 eou-

350 2765 491 2811 videamus.
527 2762 561 2808 Et
572 2761 727 2819 regulariter
737 2762 872 2809 dicendum
882 2764 930 2821 est,
946 2762 1048 2820 quoties
1059 2761 1116 2807 sine
1126 2760 1191 2807 iudi·
1225 2766 1356 2819 sequetur.
1386 2760 1529 2808 Secundum
1540 2763 1607 2818 quod
1618 2762 1669 2808 erit
1679 2761 1707 2807 io
1718 2761 1828 2809 arbitrio
1839 2760 2065 2825 debitoris,arsit
2145 2796 2146 2805 ,

350 2831 391 2878 oio
402 2826 581 2890 preestlta'res
591 2828 678 2887 tegete
688 2828 828 2888 evincitur,
840 2840 915 2887 posse
925 2842 980 2875 eam
991 2841 1025 2875 ex
1037 2830 1190 2874 testamento
1226 2830 1366 2888 legatarius
1374 2828 1405 2889 is,
1417 2827 1459 2873 eui
1471 2826 1573 2874 Stichus
1584 2829 1685 2886 legetur
1696 2830 1744 2874 ert.
2145 2886 2146 2891 ¹

351 2898 419 2956 oeti;
430 2901 542 2945 ceterum
553 2895 576 2940 si
585 2894 682 2942 iudicio
695 2895 776 2952 petita
787 2898 837 2957 est,
848 2896 932 2942 edicio
943 2894 1036 2941 iudleis
1047 2893 1133 2940 eautio
1145 2906 1190 2941 ue·
1276 2895 1388 2941 bXXvi.
1406 2894 1521 2941 Iatiaa
1530 2909 1564 2943 as
1574 2895 1641 2941 titre
1648 2893 1778 2941 XXXIV.
1785 2894 1965 2955 Digestorum.
1977 2892 2066 2947 nemsi

350 2963 462 3010 cessaria
471 2965 520 3023 est,
540 2966 569 3008 ut
578 2962 614 3007 ait
623 2974 657 3007 ex
668 2961 793 3019 stipuletur
805 2960 882 3010 ectio.
917 2964 941 3021 9.
954 2964 978 3007 2.
989 2962 1020 3007 ln
1030 2962 1142 3021 pecunie
1151 2962 1190 3007 le·
1225 2961 1282 3021 quis
1292 2960 1408 3008 Stichum
1418 2960 1627 3019 auti‘amphilum
1633 2960 1783 3021 stipulatus,
1791 2961 2065 3018 SempronioStichum

349 3035 410 3089 gata
420 3028 555 3075 confitenti
565 3026 652 3075 heredi
665 3028 789 3075 modicum
800 3032 899 3088 ternpus
910 3028 943 3074 ad
958 3028 1116 3075 solutionem
1128 3027 1191 3074 dan·
1227 3028 1347 3090 legasset,
1367 3028 1470 3074 Maeuio
1480 3027 1657 3088 Pamphilum,
1679 3032 1803 3083 auratus
1814 3028 1891 3075 heres
1903 3027 2067 3087 intelligitur,

350 3096 408 3141 dum
423 3099 479 3155 est,
499 3107 548 3140 nee
566 3094 696 3152 urgendus
712 3095 743 3140 ad
759 3094 949 3153 suscipiendum
964 3094 1102 3153 iodicium
1123 3094 1191 3151 quod
1226 3097 1254 3140 ut
1265 3108 1370 3141 necesse
1380 3094 1472 3141 hebent
1482 3093 1559 3140 alteri
1570 3092 1700 3142 actionem
1711 3107 1797 3157 suam,
1817 3094 1897 3143 alteri
1906 3095 2067 3142 aestimatio·
2145 3096 2146 3147 s

351 3161 450 3219 quidem
460 3165 561 3220 ternpus
571 3173 604 3207 ex
617 3160 684 3205 bonu
691 3163 717 3206 et
724 3172 805 3219 aequo
812 3161 1106 3208 Praetoremohservere
1113 3175 1191 3220 opor·
1225 3175 1282 3207 nem
1295 3158 1377 3207 Stichi
1388 3165 1432 3207 eut
1442 3158 1569 3218 Pamphili
1579 3161 1649 3208 dare.

351 3227 424 3275 tebit.
453 3229 476 3288 fl.
490 3229 514 3273 3.
525 3225 576 3279 (lul
588 3226 729 3272 renitetur
739 3239 766 3273 se
778 3227 879 3287 quidem
890 3228 991 3289 debere,
1003 3228 1096 3274 iustam
1107 3231 1191 3274 autem
1275 3227 1400 3273 lmxvsi.
1421 3228 1446 3274 dl
1451 3228 1464 3274 1
1466 3225 1946 3287 praeualeremnpomumn.
1958 3228 1988 3275 Si
1998 3239 2068 3287 pecs·

350 3307 450 3340 eausam
461 3290 551 3355 alleri,
573 3305 620 3339 cur
629 3293 720 3349 utique
730 3297 862 3351 praestare
872 3294 1027 3355 nonpossit,
1049 3295 1191 3341 audiendus
1226 3293 1331 3339 niotult
1347 3294 1464 3353 deposita
1479 3293 1544 3352 apud
1556 3292 1682 3353 aliquem,
1703 3294 1808 3350 eiusque
1825 3293 1886 3341 iidei
1897 3294 2068 3351 enmmissrra,

350 3364 398 3420 est,
409 3362 500 3418 utputa
510 3359 532 3405 si
544 3359 632 3406 aileua
642 3372 684 3406 res
695 3359 779 3417 legata
789 3361 833 3423 sit,
856 3364 984 3419 negetque
995 3361 1125 3407 domiuum
1135 3374 1190 3407 eam
1226 3365 1254 3406 ut
1265 3373 1319 3406 earn
1332 3359 1462 3418 pecuniam
1474 3364 1595 3423 praestet,
1603 3359 1826 3408 dueieomnnmm
1837 3373 1870 3407 ex
1883 3360 2068 3421 rescriptedisi

351 3425 1191 3489 rendere,relimmensumpretiumeiusreipetereadlrmet,aut
1226 3426 1265 3472 Pii
1280 3426 1422 3488 debebitur,
1434 3428 1504 3483 quasi
1517 3426 1719 3474 videaturheres
1728 3432 1833 3486 rogatus
1843 3428 1985 3475 remittere
1997 3428 2071 3474 idie-
2145 3424 2146 3431 ’

350 3494 372 3538 si
384 3505 486 3540 servum
496 3491 680 3539 bereditarium
691 3496 769 3551 neget
779 3493 908 3541 redebere
918 3498 1058 3555 praestare,
1068 3494 1190 3552 torteps-
1227 3493 1315 3539 hitori.
1346 3494 1410 3538 Naar
1422 3490 1443 3539 si
1456 3494 1627 3541 conveniatur
1637 3493 1900 3555 debiturabherede,
1923 3494 1981 3541 doli
1999 3507 2071 3542 exes-
2145 3498 2146 3559 ζ

351 3560 845 3620 tremsuum,velmatrem,ueliretres
855 3561 1191 3618 naturaies3aequissimum
1227 3558 1990 3620 ptioneutipot'est;quaeresutiieddeleommlssamtaoit.
2001 3558 2071 3613 Quod
2145 3574 2146 3615 1

351 3630 390 3672 est
399 3624 478 3685 enim,
498 3625 604 3672 concedi
616 3625 639 3672 el
651 3638 684 3673 ex
696 3625 743 3671 hae
752 3639 829 3673 causa
840 3627 1046 3675 aestimationem
1058 3626 1141 3673 udicio
1152 3626 1192 3671 lu·
1227 3639 1302 3683 quum
1313 3625 1351 3672 ita
1360 3639 1387 3673 se
1397 3627 1498 3683 hebeat,
1510 3627 1619 3673 abortui
1631 3626 1748 3674 debitore
1757 3627 2073 3675 fideicommlsnmrelte

351 3690 566 3748 dieispraestare.
602 3693 625 3751 9.
638 3694 663 3737 d.
679 3696 763 3749 Quum
774 3692 1191 3752 aiicuipoeulumiegatumesset‚
1228 3693 1269 3752 «pai
1282 3696 1376 3751 potest.

352 3757 481 3815 uelletque
492 3756 566 3803 heres
576 3757 780 3805 aestimationem
793 3763 933 3817 praestare,
941 3759 1000 3819 quie
1009 3759 1124 3815 iniquum
1136 3770 1192 3806 esse
1278 3759 1417 3806 nxxvsli.
1437 3760 1454 3805 I
1457 3760 1521 3806 dese
1529 3760 1596 3806 libro
1610 3758 1686 3805 rm.
1695 3760 1916 3821 nemeaeum
1927 3760 2074 3809 Fideieera-
2145 3758 2146 3783 ¹

351 3821 1112 3884 aiebat‚idseparariase,nuuimpetravitidePraeture.
1133 3825 1192 3872 Aila
1229 3827 1339 3883 rrrissum,
1350 3823 1582 3885 quodaiegetariu
1593 3825 1760 3887 relinquitur,
1780 3827 1933 3875 itedemuar
1944 3827 2075 3875 abeode-
2145 3816 2146 3863 i

351 3890 419 3937 enlm
431 3888 548 3934 conditio
559 3893 599 3934 est
608 3889 748 3951 hominum,
758 3890 811 3937 aliu
817 3896 956 3938 ceterarum
963 3905 1063 3950 rerum
1073 3892 1100 3937 iu
1110 3890 1192 3937 homi·
1228 3894 1307 3954 betur,
1318 3892 1339 3938 si
1350 3893 1381 3938 ed
1392 3893 1545 3952 legatarium
1555 3893 1667 3952 legatum
1677 3894 1835 3952 perveserit.
2145 3882 2146 3973 i

350 3957 427 4003 uibus
437 3954 505 4001 enim
516 3956 628 4013 benigna
639 3957 741 4004 ratione
756 3961 885 4017 receptum
896 3962 948 4017 est,
966 3959 1033 4017 quod
1044 3970 1122 4016 supra
1131 3971 1191 4016 pro·
1278 3956 1392 4003 LXXIX.
1412 3959 1569 4006 Iotiasssr
1585 3960 1652 4007 lidro
1666 3961 1697 4007 V.
1712 3962 1887 4022 vigesima.
1924 3959 1957 4007 Si
1967 3960 2030 4020 quis
2040 3962 2078 4004 te·

351 4023 475 4069 hesimus.
501 4024 524 4083 fl.
538 4026 561 4068 5.
573 4023 600 4068 Si
613 4023 708 4069 luridus
719 4025 876 4084 municipum
886 4025 1022 4083 uectigalis
1033 4025 1097 4085 ipsis
1107 4025 1192 4071 muni-
1227 4025 1435 4071 elemento'i'itiu
1445 4027 1538 4073 etSeio
1549 4024 1635 4074 deeem
1645 4027 1700 4073 dari
1711 4027 1825 4081 iusserit,
1837 4027 2079 4075 uullamheeerer·
2145 4080 2146 4085 ¹

350 4088 451 4149 eipibsts
461 4088 496 4134 sit
506 4088 617 4149 legatus,
627 4103 660 4135 eu
672 4090 783 4148 legatum
794 4092 920 4138 consistat
930 4092 1191 4152 pethueposaitiui-
1228 4094 1259 4137 ba
1271 4092 1398 4151 recipiunt
1411 4092 1617 4152 ambiguitatem,
1637 4098 1666 4140 at
1679 4095 1746 4141 dena
1761 4094 1861 4142 dixisse
1873 4092 2016 4153 uideatur,
2035 4090 2078 4152 qai
2145 4116 2146 4155 ,

350 4158 463 4204 deamus.
499 4156 532 4202 lit
548 4156 666 4202 lulianus
681 4156 748 4207 libro
765 4159 895 4205 irleertno
915 4162 1007 4225 octauo
1028 4159 1191 4219 Digestorum
1228 4158 1400 4207 deeemdirlt.

302 4228 306 4237 ‘
350 4222 453 4270 scribit:
473 4222 590 4281 quamuis
600 4223 693 4269 turdus
705 4225 838 4285 uectigalis
849 4226 1006 4284 municipum
1015 4226 1059 4285 sit,
1079 4230 1191 4274 attamen
1277 4225 1380 4271 LXXX.
1408 4227 1480 4285 Apud
1506 4226 1636 4275 Iulium
1664 4227 1731 4274 libre
1755 4226 1879 4273 XXXII·
1903 4227 2079 4287 moran
2145 4228 2146 4239 ¹

349 4288 521 4347 uuiaeliquod
534 4288 575 4334 lus
586 4290 612 4334 iu
624 4305 655 4337 eo
667 4290 698 4343 is,
709 4293 752 4347 qui
764 4292 870 4350 legarit,
881 4292 966 4355 hahet,
977 4292 1191 4352 vaieretegatum.
1228 4292 1257 4339 Μ
1262 4307 1280 4339 rr
1289 4294 1366 4339 rect
1373 4293 1384 4337 t
1392 4306 1427 4340 as
1448 4297 1538 4341 notate
1551 4296 1583 4349 is,
1596 4294 1639 4351 qui
1649 4294 1707 4341 sois
1718 4293 1824 4352 triginta
1835 4292 1994 4351 reliqueret.
2006 4293 2079 4338 Titio
2145 4320 2146 4325 =

350 4358 373 4417 t.
387 4359 409 4402 d.
422 4354 473 4402 Sed
484 4358 510 4402 et
521 4355 543 4401 sl
553 4369 608 4409 riou
620 4358 798 4416 municipibus,
811 4359 855 4406 sed
866 4359 911 4406 alii
924 4360 1030 4407 tondum
1040 4361 1192 4418 vectigalem
1227 4358 1337 4417 triginta
1347 4358 1460 4420 legerit,
1481 4360 1542 4406 Seio
1554 4361 1662 4421 viginti,
1683 4359 1785 4408 Maeuio
1796 4361 1893 4407 decem.
1930 4359 2082 4407 ”merlus
2145 4372 2146 4375 ’

350 4421 486 4483 legaverit,
506 4435 559 4470 uon
571 4423 653 4471 rideri
667 4423 850 4484 proprietatem
861 4427 899 4473 rei
910 4427 1030 4489 legatam,
1049 4427 1095 4474 sed
1104 4428 1131 4473 id
1142 4427 1192 4488 lus,
1228 4425 1338 4472 Sabinus
1350 4427 1449 4484 probet,
1460 4426 1558 4473 Titium
1569 4428 1722 4485 quindecim,
1734 4427 1821 4473 Seium
1832 4427 1931 4489 decere,
1943 4428 2081 4487 hierem

351 4488 875 4550 quudinrectlgalibustundishabernus.
1089 4520 1092 4529 ·
1227 4494 1338 4551 quinque
1350 4497 1542 4555 consecuturos,
1553 4495 1591 4540 ita
1600 4500 1693 4556 tomen,
1709 4499 1780 4541 utex
1792 4494 1832 4539 his
1843 4499 1963 4553 prorata
1975 4493 2082 4554 pertis·
2145 4496 2146 4531 ἱ

400 4553 504 4602 nxxu.
525 4554 738 4605 Peatarlidre
751 4558 874 4606 XLVIII.
886 4560 924 4607 ad
933 4558 1060 4607 Edictum.
1096 4560 1192 4620 Siquis
1229 4558 1537 4607 nisFaieitiiaesatisilat.
1702 4568 1707 4575 “
2145 4604 2146 4607 ,

349 4621 479 4681 legaverit
489 4624 593 4670 tondum
604 4625 798 4683 Cornelianum,
817 4626 932 4685 exeeptis
943 4627 1036 4687 vineis,
1046 4640 1112 4682 quae
1123 4641 1191 4674 mer·
1279 4624 1393 4671 mxxxi.
1414 4626 1431 4671 I
1434 4628 1470 4672 set
1475 4628 1487 4671 i
1492 4640 1575 4673 aner
1583 4628 1650 4674 tideo
1659 4627 1774 4673 XXXII.
1785 4627 1961 4689 ὒὶςονοηι.
1973 4628 2010 4673 Si
2021 4627 2086 4673 in·
2145 4670 2146 4685 ,

351 4687 386 4731 tis
396 4687 452 4733 elus
463 4691 578 4748 tempore
588 4698 674 4755 eruut,
689 4692 712 4739 si
723 4693 812 4741 nullae
823 4694 915 4741 risseae
925 4696 1010 4754 erunt,
1028 4693 1115 4752 legato
1125 4694 1192 4741 nihil
1228 4693 1288 4738 dum
1297 4692 1344 4737 sub
1356 4693 1507 4739 conditione
1517 4695 1628 4752 legatum
1639 4694 1713 4741 heres
1723 4693 1852 4752 pendeme
1861 4693 2026 4740 conditione
2034 4692 2083 4738 seh
2145 4702 2146 4749 l

351 4752 460 4799 decedit·
1228 4760 1280 4807 elia
1290 4759 1441 4807 conditione
1450 4761 1495 4806 alii
1508 4760 1632 4822 legasset,
1652 4765 1747 4820 etpost
1757 4762 1930 4808 exsistentem
1937 4760 2087 4808 eonditio·

402 4816 520 4866 mill.
540 4823 641 4871 Gaias
652 4825 719 4873 titre
730 4826 784 4873 III.
795 4825 931 4887 detegatis
939 4824 1192 4874 adamnanum.
1228 4842 1295 4885 uem,
1305 4840 1371 4885 quae
1382 4828 1469 4886 priore
1480 4831 1636 4874 testamenta
1646 4828 1779 4887 proposita
1791 4829 1891 4887 luisset,
1901 4832 2086 4875 wacaeor-

351 4882 425 4927 torir.
456 4883 484 4929 81
494 4886 569 4934 heres
578 4887 663 4937 iussus
674 4892 708 4938 sit
718 4894 813 4955 iacere,
837 4897 866 4939 ut
875 4892 969 4940 incius
979 4897 1082 4941 eentum
1092 4894 1192 4957 haheat,
1229 4893 1304 4953 ditio,
1315 4896 1362 4940 sub
1372 4909 1421 4952 qua
1431 4895 1506 4941 bures
1516 4893 2088 4955 legaverat,exstitisseteoaiaienspris-
2145 4890 2146 4897 ’

352 4948 618 5004 wstudusestsem
629 4963 732 5006 eentum
742 4959 820 5021 dare,
843 4960 904 5020 quia
914 4973 991 5008 nemo
1001 4961 1086 5007 taoere
1097 4967 1192 5023 potest,
1230 4976 1257 5009 re
1267 4961 1394 5021 legatario
1404 4974 1458 5008 non
1469 4962 1590 5009 discedet.
1624 4964 1648 5021 9.
1663 4964 1685 5009 l.
1706 4962 1734 5009 Si
1745 4975 1821 5009 servo
1832 4959 1963 5009 mas-uui
1983 4961 2089 5007 reale·
2145 5008 2146 5019 ,

351 5015 381 5058 ¹¹⁸
391 5025 439 5071 ⁸8⁰
450 5013 554 5065 habeam
564 5025 672 5085 erutum
684 5025 736 5071 ulai
746 5027 808 5074 mihi
821 5027 930 5075 dederit.
954 5030 978 5087 9.
992 5029 1014 5073 1.
1026 5027 1095 5075 ilicis
1106 5029 1193 5089 legata
1228 5032 1287 5087 gata
1297 5029 1398 5085 inisset,
1421 5033 1505 5088 potest
1517 5028 1584 5075 riter
1594 5027 1711 5075 dominus
1721 5041 1862 5088 sgnuseere
1872 5027 2003 5087 legatusa,
2014 5027 2089 5074 alter
2145 5046 2146 5091 3

352 5077 661 5151 mriumuwmpm,
680 5094 926 5157 atqueelritatibus,
941 5094 1192 5155 rescriptoimpere·
1228 5095 1365 5156 repellere,
1385 5096 1668 5143 uamiuharrccausem
1684 5108 1772 5142 sersus
1783 5094 1927 5142 eommunis
1936 5094 2022 5152 quest
2032 5095 2090 5141 dae
2145 5112 2146 5121 ¹

351 5143 691 5207 mumfflflssiflvsittr·
1228 5164 1295 5210 servi
1308 5168 1378 5211 sunt.
1414 5165 1472 5223 Μ.
1485 5162 1598 5209 Stielrans
1609 5162 1879 5223 Semproniodotega.
1905 5160 2092 5222 &Se-,ero-

403 5208 518 5258 bXXW.
539 5214 566 5261 U
568 5217 783 5277 lptaaasstidra
794 5224 841 5271 17.
853 5226 1075 5286 Idlspetets‘eaara.
1119 5229 1191 5277 bicet
1226 5232 1286 5278 aias
1298 5230 1413 5278 Stichum
1423 5232 1495 5277 rbere
1505 5243 1601 5276 aenan
1616 5242 1666 5276 roe
1681 5230 1875 5287 nument,
1893 5228 2013 5274 mdc·
2030 5228 2090 5275 Sta·-

351 5280 495 5336 lmperatur
510 5283 664 5334 uestereum
679 5293 753 5346 patre
770 5290 944 5351 reserlpserlt,
965 5292 1046 5342 uideri
1058 5296 1192 5346 reluatete
1226 5297 1299 5345 cluss
1314 5298 1381 5345 Iits'e
1392 5299 1425 5345 de
1436 5298 1501 5358 tego.
1536 5295 1684 5353 Quaesitum
1695 5299 1751 5344 est:
1772 5294 1833 5353 qnid
1843 5294 1910 5343 iaris
1917 5296 2022 5342 asaele
2035 5295 2092 5342 Re·

350 5344 486 5395 mm
501 5348 644 5404 Multas
663 5355 818 5419 substitute,
840 5358 1192 5415 quaeabinrtltutotueraut
1228 5364 1335 5423 spoudi:
1358 5362 1919 5423 Sempronmnlnrertmtotuebabimmm,
1937 5362 2093 5420 eteiqasi.
2145 5390 2146 5399 η

352 5410 451 5473 ΝΜ·
464 5413 656 5465 illlltnhoelta
666 5418 716 5465 erit
725 5423 907 5483 recipiendum,
926 5426 949 5473 si
959 5440 1014 5474 aea
1022 5429 1074 5477 tuit
1084 5429 1191 5478 evidens
1227 5431 1284 5478 desa
1300 5429 1370 5478 intra
1380 5444 1476 5478 annum
1491 5429 1694 5487 manumisisset,
1714 5430 1820 5477 liberum
1831 5427 2090 5485 comedam-em
2145 5446 2146 5463 π

352 5479 455 5527 diversa
466 5479 596 5543 voluutas,
607 5494 673 5541 quae
682 5496 716 5531 es
728 5488 816 5564 multia
826 5491 973 5554 colligatur,
992 5508 1026 5541 arr
1036 5496 1092 5554 quis
1103 5498 1134 5543 ah
1145 5496 1191 5544 he.
1227 5498 1267 5544 sin
1278 5499 1364 5544 autem
1374 5499 1423 5545 hue
1435 5511 1489 5545 uon
1500 5497 1612 5555 lecisset,
1621 5493 2090 5558 totemadl'itiumpertiaenss.
2145 5500 2146 5505 ’

351 5547 411 5595 ”⁴¹0
424 5547 536 5606 “8⁶⁰⁸
546 5550 590 5598 tei
598 5550 818 5601 beelmaon-r
826 5556 1065 5629 relictomnolaerlt
1074 5563 1191 5610 asobsti.
1227 5562 1278 5618 tlul
1288 5563 1393 5610 tandum
1404 5569 1513 5623 excepto
1529 5564 1646 5613 aedificio
1664 5563 1751 5625 legat,
1770 5561 1945 5621 appellatione
1954 5563 2093 5613 nostadi

351 5614 516 5693 “illilfi’t'i-
551 5614 894 5697 estleulnmlammn
905 5626 1191 5684 reliquitasubstituto
1227 5628 1853 5693 eutsuperdciesurignitieutautsolumguogue,
1867 5627 2092 5677 mineum

349 5680 677 5741 flffllfflffllmrlettl
685 5684 1192 5746 les-tennmmbmusnoumre·
1227 5695 1417 5758 superpositum
1428 5699 1517 5758 est3si
1528 5699 1560 5746 de
1569 5699 1626 5745 anie
1635 5694 1768 5757 superficie
1779 5694 1917 5757 exceperit,
1928 5694 2095 5746 mario-i.
2145 5710 2146 5729 ¹
