4356 6440
349 333 456 420 ,niu
492 335 565 393 vra
599 333 626 392 1.
654 335 712 393 nu
747 336 1017 409 naurnucru,
1055 334 1112 397 ar
1146 308 1498 409 uuuunnuonuu
1531 344 1613 401 am.

123 485 187 534 dese
201 479 237 546 sl,
252 481 281 530 et
294 479 425 530 minus
438 479 528 531 iisest.
548 480 634 533 Debet
643 482 896 532 tuneseonsmeudt
906 483 964 545 sgrt

122 563 201 601 ssusa
209 549 378 598 semlsuiun
385 553 506 610 puisun
516 564 619 611 sssrpsr
626 563 765 612 mucram,
782 552 856 610 qussi
863 553 963 599 lustra·

122 621 237 668 mentum
243 617 422 680 sgri,utdnitu
431 619 568 666 usufructu
576 618 851 667 dominorestitustar.
859 621 910 680 91.
919 621 963 666 ta-

121 685 475 734 etrumentisntemfrnets'm
490 685 584 733 ludere
595 685 813 748 debet,veudeudi
824 690 910 734 tumen
923 686 962 732 fs-

119 754 307 801 sallsteuuuon
318 752 402 799 isim.
414 753 541 801 Nametst
550 752 625 800 fundi
632 754 794 800 ususfructus
800 753 880 800 fuerit
891 753 962 811 legs-

119 825 172 882 ω,
180 823 251 872 etsit
259 820 405 880 suenuude
413 819 509 878 psiuin
520 820 635 882 fundum,
647 821 719 867 mins
725 821 885 867 ususfructus
891 819 962 879 legs-

119 894 162 938 tss
173 896 228 950 est,
237 888 339 935 sotebst
352 886 539 947 psterfsmiliss
550 889 599 949 nti,
610 888 653 935 vet
662 888 759 950 snitee,
770 887 814 934 rel
823 887 960 947 arundine,

118 962 181 1018 putu
192 955 365 1003 moestum
375 955 501 1001 tiseteuus
511 954 550 1001 uti
561 967 652 1017 posse,
668 968 701 1001 ue
715 968 749 1002 cx
762 968 795 1002 eo
805 956 910 1017 readst,
920 953 962 1001 nl-

119 1025 141 1073 si
152 1026 227 1071 isrte
236 1022 324 1069 ssticti
335 1021 373 1082 ei,
392 1022 436 1068 rel
446 1021 528 1069 silure
538 1021 650 1083 pslsris,
670 1022 713 1070 set
724 1021 874 1070 arundineti
883 1033 962 1068 usus-

117 1093 221 1140 fructus
232 1091 268 1137 sit
278 1088 396 1149 legatum
418 1092 481 1135 tunc
490 1090 560 1136 enim
569 1093 597 1136 et
608 1090 719 1136 rendere
728 1093 824 1150 potest.
858 1091 924 1137 Nam
934 1093 962 1137 et

119 1157 262 1207 Tretiatius
283 1155 389 1203 scribit:
415 1155 508 1203 siirsm
523 1157 961 1218 csednsmetsrundtuetumposss

118 1225 293 1274 lrmtunium
303 1224 425 1281 usedere,
435 1224 502 1270 sieut
512 1223 699 1283 psterlsmlltss
710 1227 846 1289 csedebat,
857 1229 885 1272 et
896 1238 959 1274 ren·

120 1295 187 1355 dere,
200 1292 266 1339 lieet
277 1289 463 1350 paterfamilias
473 1304 526 1339 non
537 1291 637 1340 soleist
647 1293 773 1356 rendere,
785 1292 830 1340 sed
844 1293 900 1352 lpse
910 1293 957 1340 uti.

118 1361 155 1408 iti
164 1360 275 1407 nodum
284 1359 355 1405 enim
364 1359 530 1406 referendum
540 1362 590 1419 est,
597 1372 653 1405 uon
662 1361 694 1407 sd
701 1361 852 1419 qustitstem
861 1360 969 1408 atermi-

164 1426 200 1473 Χ.
225 1424 425 1485 Psstponr'us
444 1427 510 1473 fibro
524 1427 555 1475 V.
566 1427 603 1473 ud
612 1427 745 1474 Subsisuss.
768 1427 888 1475 Rxsttra
902 1441 961 1476 cse-

121 1495 167 1544 dns
174 1494 337 1552 pedaneum
345 1498 372 1540 et
381 1505 467 1541 rsraos
484 1506 518 1541 cr
528 1494 622 1544 srburc
632 1494 852 1541 usufructuarium
862 1499 961 1542 sumta-

120 1576 188 1621 rum,
199 1573 236 1607 ex
247 1573 302 1605 non
314 1561 410 1608 medua
420 1561 448 1606 in
458 1561 561 1609 sinesin
571 1562 728 1624 sumturum,
739 1563 798 1608 dnm
811 1576 845 1609 ne
856 1564 962 1610 fundum

120 1627 279 1679 deteriorem
289 1626 377 1673 fscist.
709 1650 714 1655 ·

119 1740 122 1744 A
165 1694 216 1740 Η.
238 1694 372 1741 Partitis
389 1695 458 1743 fibra
474 1695 516 1742 11.
533 1697 732 1755 epftussutarssss
742 1695 832 1761 Atreus·
840 1698 962 1758 Digesto-

119 1777 179 1811 rsrs.
220 1761 275 1810 Sed
284 1760 308 1807 si
325 1762 437 1820 mandes
452 1764 558 1811 sctures
575 1765 679 1826 essem,
699 1776 753 1810 non
762 1777 838 1823 posse
847 1777 891 1812 ess
902 1777 962 1812 cse-

165 1897 231 1944 111.
255 1898 426 1957 Ulpianus
443 1898 513 1945 citro
532 1898 626 1946 xm
641 1900 679 1947 ud
688 1899 819 1948 Sabim.
853 1899 962 1947 Arbori-

120 1966 163 2012 im
172 1964 279 2014 eualms
290 1965 333 2011 vei
344 1965 371 2010 ui
383 1968 520 2013 ventorum
530 1966 653 2027 detentis,
671 1980 752 2025 usque
763 1968 796 2014 sd
804 1979 880 2015 usum
890 1978 963 2014 suum

121 2037 146 2079 st
155 2034 239 2080 ritlse
249 2044 329 2092 posse
338 2032 558 2080 umlrtremsrism
570 2035 653 2095 ferre,
674 2036 760 2081 Labeo
770 2034 824 2097 sit,
844 2049 893 2082 nec
907 2046 962 2081 ms-

121 2100 184 2148 teris
195 2113 262 2147 enas
271 2112 319 2158 pro
329 2099 403 2158 ligno
414 2111 534 2162 usurum,
548 2101 570 2147 si
580 2101 688 2161 haheat,
700 2101 768 2151 nude
779 2105 869 2149 utstnr
879 2103 961 2162 tigno.

120 2167 201 2220 tius·
212 2166 374 2215 seutentiam
383 2169 447 2226 puto
457 2179 561 2225 rernm,
574 2168 690 2226 stioquin
701 2175 728 2215 et
740 2168 765 2215 sl
775 2172 847 2216 totus
857 2183 919 2229 sger
929 2168 964 2216 sit

120 2236 184 2282 inne
208 2246 297 2282 essum
318 2246 423 2296 psssus,
444 2248 533 2282 eninm
552 2236 659 2283 srtiorcs
671 2237 788 2283 auferret
797 2237 961 2284 fructuorins.

120 2301 257 2350 ilsterian
268 2307 355 2348 minen
365 2300 450 2360 ipsum
459 2302 606 2365 succidere,
628 2308 752 2359 quantum
762 2305 795 2350 ad
806 2303 885 2351 villae
894 2304 962 2352 reic-

121 2370 234 2417 ctionem
244 2368 312 2416 sstis
324 2368 373 2430 sit,
396 2372 469 2429 putet
479 2383 570 2430 posse,
580 2370 791 2426 quemsdmsduru
800 2372 909 2429 calcem,
919 2371 962 2416 in-

123 2437 189 2500 quit,
211 2450 342 2499 coquere,
362 2439 405 2485 ret
416 2450 522 2485 suenum
531 2438 636 2497 fodere,
657 2437 962 2495 sliurtvequidseditlcio

122 2506 298 2552 necesarium
310 2517 422 2571 sunere.
458 2506 482 2564 9.
495 2507 517 2551 l.
530 2504 610 2551 Nsris
620 2504 756 2551 usufructu
767 2505 870 2566 legato,
890 2506 962 2552 nsvi-

121 2578 207 2631 gstsn
225 2572 382 2619 mittendam
402 2574 481 2634 puto,
501 2571 564 2618 ticet
579 2571 710 2631 usufrsgii
726 2571 868 2630 periculum
879 2571 962 2620 immt-

118 2645 196 2696 nest;
215 2640 297 2687 navis
318 2640 417 2687 etenira
431 2639 464 2685 sd
478 2639 528 2685 heu
539 2642 660 2697 paretur,
680 2642 709 2684 ut
720 2639 865 2697 nsrigctur.
902 2642 925 2699 9.
937 2643 961 2686 i.

120 2707 333 2755 Dsufnctnurius
356 2707 399 2753 rsl
418 2706 475 2766 ipse
497 2706 552 2753 frui
569 2718 602 2752 es
629 2719 671 2768 rs,
704 2707 745 2752 ret
762 2706 808 2752 aiii
828 2708 962 2754 fruendum

119 2775 277 2837 euneedcre,
298 2773 339 2820 sel
351 2774 453 2836 locare,
465 2772 507 2819 vet
518 2773 630 2820 rendere
641 2776 741 2832 potest,
761 2786 820 2820 nsm
831 2777 856 2819 ct
867 2774 910 2833 qui
921 2773 962 2819 to-

118 2846 172 2906 ust,
192 2841 295 2902 utitur,
317 2844 344 2889 et
359 2841 404 2898 qui
421 2840 526 2900 rendit,
548 2839 640 2886 utitur.
676 2841 726 2887 Sed
742 2843 768 2887 st
779 2842 801 2886 si
814 2840 861 2887 slii
874 2853 963 2899 preca-

76 2968 80 2973 ·
118 2909 160 2957 rio
170 2908 314 2971 mneedst,
335 2908 483 2969 retduuet,
494 2908 556 2965 putu
567 2920 626 2955 enm
635 2906 682 2969 uti,
693 2909 770 2964 stqne
780 2908 839 2954 idco
850 2909 962 2955 retinere

117 2977 322 3024 usumfructum.
357 2976 391 3022 lit
410 2976 460 3024 loe
475 2975 581 3022 Gustus
596 2980 623 3021 et
638 2974 752 3033 Pegssus
762 2975 962 3035 responderunt,

117 3049 145 3091 ct
162 3042 328 3102 Pomponius
342 3042 410 3090 libro
420 3042 512 3104 quintu
523 3055 557 3089 ex
566 3041 667 3090 santae
677 3042 777 3101 pretist.
810 3044 869 3089 Non
879 3043 962 3088 solnm

117 3115 211 3158 sutem
233 3111 259 3157 si
278 3123 327 3168 ego
344 3109 480 3171 tocsrero,
500 3110 603 3157 retineo
619 3109 823 3171 usumfructum,
847 3109 962 3158 sedetsi

119 3179 195 3224 stius
203 3176 340 3235 negotium
351 3190 431 3225 mean
446 3190 540 3238 gerens
558 3177 686 3225 manmit
699 3178 899 3238 usumfructum,
921 3178 963 3223 tu-

118 3244 215 3291 tisnus
225 3244 297 3290 libro
306 3243 435 3302 trigesimo
445 3244 539 3305 quinto
549 3245 666 3305 scripum,
688 3245 803 3293 retinere
820 3258 860 3291 mc
874 3256 962 3290 nsum-

118 3312 252 3359 unctum.
289 3308 357 3363 Quid
376 3314 471 3372 ineu,
491 3312 514 3359 si
534 3325 589 3359 nou
604 3313 743 3373 tousrero,
763 3312 963 3358 scdsbscnteet

116 3379 270 3438 iguursute
290 3391 329 3424 sse
345 3380 477 3436 negotium
496 3393 580 3427 sies·
600 3378 963 3439 gereusutsturqnisetlrus-

117 3447 181 3494 turi
201 3443 379 3493 Nihilominus
389 3446 490 3494 retinen
502 3448 699 3495 usumfructum.
729 3446 806 3502 Quod
817 3449 842 3493 et
852 3446 963 3504 Pompo-

115 3514 182 3561 nius
192 3513 263 3561 libro
273 3512 365 3569 quintu
378 3515 471 3571 probat
481 3527 527 3573 psr
537 3515 600 3577 tiae,
621 3514 689 3574 qnod
699 3514 864 3573 negotiorum
876 3516 963 3570 gesto-

116 3595 178 3630 runs
187 3579 323 3631 actionem
331 3580 467 3639 scquisiri.
495 3582 520 3641 9.
533 3582 557 3628 i.
569 3582 608 3629 De
618 3582 666 3629 illo
677 3581 834 3641 Pomponius
846 3580 963 3628 dubitet:

117 3650 140 3697 si
156 3648 302 3709 fugitiuus,
321 3646 352 3693 iu
366 3660 417 3706 quo
432 3661 504 3696 neus
515 3651 555 3697 est
565 3650 742 3709 ususfructus,
763 3649 904 3706 stipuletur
914 3648 963 3694 uti.

117 3717 181 3778 quid
192 3729 229 3763 es
239 3730 270 3763 re
280 3728 353 3777 uses,
376 3715 419 3764 uei
429 3730 475 3775 per
485 3716 654 3763 traditionem
664 3714 787 3779 seeiptst,
808 3728 842 3761 un
858 3724 905 3773 per
916 3716 965 3761 troc

116 3786 218 3847 ipsum,
242 3782 317 3842 qussi
327 3787 394 3846 utar,
413 3783 542 3831 retinesuu
552 3783 756 3830 usumfructumi
775 3780 908 3841 magisque
918 3783 964 3828 sd-

118 3851 217 3911 mittit,
237 3849 365 3897 minere.
400 3852 468 3898 Num
486 3863 579 3913 saepe,
600 3850 702 3897 etiamst
719 3849 965 3909 prsesentibnsscr-

117 3920 158 3966 sis
174 3931 232 3965 nou
250 3922 369 3979 uturum,
390 3922 477 3965 tamen
498 3919 852 3978 usumfwctnmretiucmns,
872 3920 965 3976 utputo

117 3988 278 4045 segrotsnte
288 3996 366 4033 scrro
376 3985 419 4033 vel
430 3985 545 4048 infuate,
556 3986 629 4032 cuius
639 3998 735 4044 operse
745 3986 833 4032 nullsc
843 3987 912 4046 sunt,
923 3984 964 4030 vet

117 4053 240 4101 defectae
250 4052 396 4100 senectutis
406 4051 521 4099 homine.
557 4053 623 4100 Nsm
634 4056 660 4099 et
669 4052 692 4099 st
703 4066 792 4112 agrum
803 4064 920 4113 eremus,
931 4050 965 4097 li-

117 4125 158 4168 cet
166 4125 224 4167 tm
234 4118 336 4167 sterilis
346 4119 396 4179 sit,
418 4123 447 4166 ut
460 4119 549 4166 nullus
559 4120 660 4167 fruetus
670 4124 805 4180 nsscstur,
822 4119 965 4167 retinemus

117 4188 321 4235 usumfructum.
356 4186 475 4235 lutisnus
492 4191 578 4233 tsmcu
590 4186 609 4233 ti
695 4186 805 4246 lgestmo
816 4185 965 4244 quintoDi-

117 4259 258 4315 gestorum
268 4253 375 4302 scribit:
396 4254 497 4301 dtismsl
508 4267 562 4300 non
572 4255 624 4313 stip
700 4268 713 4300 r
724 4255 785 4311 quid
796 4266 886 4302 servum
896 4252 965 4313 fugi·

117 4324 203 4386 tirus,
227 4320 343 4369 retineri
353 4325 440 4368 umen
451 4322 652 4378 usumfructum
664 4334 723 4367 num
732 4336 784 4382 pua
794 4325 913 4376 ratione,
924 4320 966 4366 in-

117 4392 187 4453 quit,
208 4392 347 4437 retr'ssetsr
356 4390 565 4448 «proprietario
580 4390 726 4449 possessio,
746 4390 850 4435 assumas·
863 4390 967 4452 infige

116 4471 210 4506 serens
222 4459 276 4513 sit,
296 4458 363 4517 puri
372 4459 477 4503 ratim
486 4458 565 4503 eunuc
572 4458 737 4519 ususfructus
748 4459 885 4503 refricetur.
905 4457 928 4515 9.
941 4457 965 4501 i.

118 4526 189 4573 idern
199 4528 319 4572 tractst:
341 4523 417 4584 quid,
438 4522 462 4570 sl
473 4522 531 4582 puls
541 4523 732 4583 possessionem
744 4524 801 4570 eius
813 4527 904 4569 nactus
914 4522 966 4569 siti

118 4606 167 4656 sa,
188 4590 411 4652 mnodum
427 4604 443 4638 s
461 4591 636 4650 proprietsrio
653 4588 781 4649 possideri
798 4590 909 4651 desiuit,
931 4589 968 4636 tts

117 4660 197 4708 etism
211 4660 379 4705 nmtrnctus
390 4658 543 4707 smittstsri
572 4659 607 4705 Et
616 4658 698 4717 primo
712 4657 812 4713 quidem
823 4657 874 4704 ait:
893 4669 968 4715 posse

117 4728 186 4789 dict,
195 4727 288 4775 enini
301 4727 504 4783 usumfructum
523 4726 570 4775 sed
580 4726 641 4773 licet
652 4724 807 4787 smittstur,
829 4730 915 4771 tamen
929 4724 968 4771 di-

118 4795 250 4856 csudurn,
266 4796 337 4853 quod
356 4795 430 4841 intre
443 4794 614 4842 eemnrnmm
629 4797 731 4851 tempus
745 4805 778 4841 cx
790 4806 819 4839 rc
830 4790 968 4838 fructuarii

118 4863 268 4924 stipulum
276 4864 335 4923 est,
353 4860 499 4910 fructuario
509 4860 617 4920 acquiri.
653 4860 702 4907 Per
713 4860 781 4917 quod
791 4858 882 4918 colligi
894 4870 969 4917 posse

118 4930 201 4995 dicit,
221 4944 261 4978 rae
280 4930 383 4989 quiden
400 4930 423 4975 si
441 4928 646 4988 possidestursb
657 4927 724 4989 silo,
744 4926 828 4973 amitti
840 4927 968 4973 usumfru-

119 5002 204 5061 ciurs,
226 4999 255 5045 si
264 4999 343 5045 nodo
353 4996 417 5045 nint
428 4996 528 5054 sliquid
542 4995 698 5057 stipuletur,
719 4994 843 5053 psrrtque
861 4994 969 5055 referre,

118 5065 149 5113 sd
159 5067 263 5115 herede
273 5064 453 5124 possideatur,
472 5062 515 5111 rel
532 5063 564 5109 sb
580 5063 648 5120 sliu,
669 5063 711 5110 cui
723 5062 853 5109 bereditss
864 5061 970 5108 vendita

119 5134 167 5195 sil,
185 5135 236 5182 ret
247 5133 291 5181 eui
303 5132 452 5191 proprietns
460 5133 550 5190 legsts
560 5129 605 5191 sit,
616 5145 651 5178 sn
662 5144 677 5177 a
689 5131 832 5189 praedone,
854 5130 970 5175 suficere

120 5201 188 5248 cuin
200 5202 239 5249 sd
247 5199 417 5247 muniendum
427 5199 630 5257 usumfructum,
651 5211 707 5245 esse
724 5197 843 5244 aflectum
855 5195 970 5243 retinere

120 5269 285 5327 ‹mutimat
295 5278 401 5315 serrum
412 5267 519 5313 sumine
531 5265 670 5313 fructuerli
682 5264 779 5321 aliquid
792 5265 885 5311 facere.
897 5262 970 5315 Quae

121 5337 258 5385 mustis
278 5336 355 5383 iuuet
376 5334 514 5382 salionem.
551 5334 575 5393 9.
589 5336 611 5379 5.
629 5331 825 5379 tntisnuslitiro
836 5330 970 5388 trigesimo

121 5404 218 5462 cristo
226 5404 402 5461 Digestorum
412 5405 523 5450 tractat:
535 5400 557 5446 si
571 5402 615 5447 fur
625 5400 781 5458 decerpserit
792 5400 834 5446 ret
849 5400 971 5445 desecue-

120 5472 158 5518 rit
175 5474 286 5521 frustm
304 5473 420 5519 maturus
431 5468 587 5530 pendentes,
610 5468 652 5517 cut
664 5466 830 5513 condictione
841 5469 971 5523 tenestur,

121 5538 237 5587 deniae
245 5538 338 5595 tundi,
362 5552 397 5584 su
406 5536 569 5585 fructuarioi
591 5536 625 5581 Et
636 5538 718 5596 putat,
739 5534 861 5590 quonium
871 5533 973 5579 fructus

120 5618 177 5655 nau
186 5606 258 5655 liunt
267 5604 423 5665 fruetusrii,
445 5603 583 5651 anicien
594 5602 785 5664 percipimur,
808 5601 869 5647 lieet
877 5601 909 5647 sti
920 5597 973 5645 sliu

120 5674 382 5736 toensspsrentur,
402 5672 484 5731 magis
499 5670 675 5730 proprietario
695 5670 886 5717 condictionem
903 5679 972 5712 eom-

121 5745 234 5804 peters,
254 5739 401 5789 fruetusrio
422 5742 511 5788 sutem
522 5738 594 5805 xfurti
606 5737 749 5788 actionem.
780 5736 902 5791 quonism
930 5732 974 5779 iu·

1801 347 1880 427 rn-

1013 478 1110 533 infuit
1128 482 1200 548 etus,
1220 483 1321 535 acen·
1340 498 1464 540 nessus
1478 485 1587 536 alisius.
1617 487 1853 540 lfsreaitussutesn

1014 556 1134 600 novetur
1153 565 1200 615 eo,
1220 555 1303 618 cnud,
1321 554 1343 601 st
1363 560 1455 615 postes
1475 558 1575 605 metus
1593 554 1855 606 latosnsetusfnerlt

1014 619 1189 681 fructuarius,
1209 621 1330 669 fortassis
1340 622 1405 669 itant
1415 623 1487 683 eius;
1506 636 1567 670 usur
1577 623 1600 670 sl
1610 625 1690 686 liunt,
1711 637 1762 684 qus
1770 625 1855 673 mtto-

1014 699 1049 733 ue
1059 687 1108 735 true
1117 687 1220 750 evenit,
1240 688 1294 736 nisi
1302 703 1349 751 es,
1368 695 1399 737 nt
1409 690 1516 739 interim
1525 690 1590 737 dant
1599 691 1780 755 proprtctsrlt,
1790 705 1854 742 nox

1014 754 1166 812 apprehensi
1180 757 1319 803 fruetnsrit
1339 759 1501 818 efficiantur,
1522 759 1643 817 exemplo
1652 759 1691 805 rei
1704 759 1751 804 sud
1762 760 1853 807 condi·

1015 821 1089 867 tione
1098 819 1216 881 tegstse,
1236 834 1301 880 quse
1311 823 1418 872 interim
1428 824 1532 875 heredis
1544 828 1598 888 est,
1611 826 1758 874 exsistente
1767 830 1853 875 sutem

1014 886 1168 934 conditione
1178 900 1212 933 an
1223 888 1375 948 legstsriun
1384 893 1496 940 transiti
1521 893 1618 940 Verum
1633 896 1674 940 est
1684 892 1769 956 enim,
1789 907 1853 942 eon-

1015 953 1158 1001 dictlonem
1167 959 1314 1014 competere
1323 959 1506 1018 proprictsrio.
1519 959 1582 1007 (inm
1592 963 1679 1006 antem
1690 959 1717 1005 tn
1728 961 1853 1019 pendenti

1014 1026 1055 1068 est
1070 1022 1226 1085 dominium,
1247 1027 1277 1070 ut
1292 1024 1346 1083 ipse
1358 1026 1474 1073 tutisnns
1484 1027 1536 1086 uit,
1556 1027 1584 1073 in
1595 1028 1666 1091 fetu,
1688 1027 1731 1085 qui
1743 1028 1853 1076 submil-

1015 1090 1095 1150 titur,
1118 1093 1145 1136 et
1163 1090 1190 1135 is
1207 1104 1255 1152 eo,
1278 1092 1345 1149 quad
1356 1105 1447 1140 servm
1456 1094 1615 1140 fruetusrius
1625 1107 1672 1153 per
1681 1095 1853 1144 traditionem

1014 1157 1126 1218 sccsptt,
1148 1157 1262 1204 nondum
1273 1159 1376 1217 quidem
1385 1160 1471 1219 pretio
1482 1160 1583 1217 soluto,
1605 1161 1651 1208 sed
1667 1164 1754 1210 tamen
1771 1163 1803 1210 ab
1819 1176 1853 1211 eo

1014 1225 1164 1288 nttsfuto,
1185 1225 1323 1273 dicendum
1333 1230 1387 1289 cst,
1399 1226 1589 1276 condictionem
1609 1230 1737 1295 pendere,
1756 1230 1852 1290 magis-

1014 1305 1063 1351 que
1074 1292 1100 1339 in
1110 1293 1235 1352 pendenti
1245 1306 1302 1341 esse
1312 1293 1463 1343 dominium.

1066 1358 1137 1407 xm.
1160 1361 1246 1407 Irfess
1264 1362 1331 1407 libro
1346 1362 1452 1410 XVIII.
1473 1364 1511 1411 uri
1520 1362 1653 1410 Sabinum.
1689 1364 1717 1412 Si
1729 1365 1852 1414 cuinsrei

1013 1428 1177 1474 ususfructus
1187 1428 1289 1487 legatus
1300 1428 1366 1492 erit,
1388 1431 1507 1478 dominus
1523 1435 1610 1489 potest
1623 1430 1651 1477 tn
1662 1445 1693 1480 ea
1702 1445 1731 1479 re
1742 1434 1853 1479 satisds-

1015 1496 1114 1542 tionem
1124 1495 1287 1557 desiderare,
1309 1499 1338 1542 ut
1349 1498 1432 1545 oficio
1444 1498 1538 1545 indicte
1548 1498 1597 1544 hoc
1607 1498 1661 1544 ilat.
1698 1500 1763 1546 Num
1774 1499 1852 1547 sicuti

1014 1562 1091 1609 debat
1103 1562 1261 1609 fructuarius
1273 1563 1312 1609 uit
1324 1564 1388 1625 fumi,
1409 1565 1448 1611 ita
1458 1570 1485 1612 ct
1495 1564 1664 1623 proprietatis
1675 1565 1794 1614 dominus
1810 1579 1852 1613 se·

1014 1642 1092 1677 curus
1112 1642 1168 1677 esse
1188 1629 1264 1676 debet
1278 1632 1310 1677 dc
1331 1632 1500 1691 proprtctste.
1537 1632 1852 1681 Huccautemsdomnem

1014 1697 1203 1744 usumfructum
1223 1696 1367 1761 pertinere,
1388 1700 1506 1746 tntiunns
1521 1700 1589 1746 libro
1607 1698 1742 1757 trigesimo
1759 1703 1852 1747 octavo

1013 1764 1182 1823 Digestorum
1192 1765 1298 1823 probst:
1318 1767 1341 1811 si
1352 1769 1517 1813 usrrsfruetns
1528 1767 1630 1826 icgstus
1640 1767 1689 1829 stt,
1711 1780 1764 1814 non
1780 1766 1852 1827 prius

1014 1831 1125 1878 dsudsm
1144 1831 1274 1878 actionem
1294 1835 1504 1890 usufrncinsrio,
1526 1848 1600 1891 quem
1618 1833 1798 1896 sstisdederit,
1824 1848 1853 1882 se

1014 1899 1076 1945 nont
1088 1898 1141 1945 riri
1152 1898 1280 1945 srbitrstu
1291 1913 1395 1948 usurum
1407 1903 1559 1959 fruiturum
1574 1902 1618 1948 sed
1630 1901 1678 1948 etsi
1691 1902 1778 1960 piures
1789 1901 1853 1965 siut,

1013 1981 1029 2014 s
1039 1968 1132 2025 qulbus
1142 1968 1304 2013 ususfructus
1315 1969 1423 2015 relictus
1434 1972 1487 2031 ost,
1511 1969 1623 2029 singulis
1638 1968 1759 2016 satisdari
1775 1982 1853 2029 opor·

1014 2038 1060 2082 tet.
1096 2037 1120 2095 9.
1136 2036 1158 2082 l.
1171 2035 1232 2081 Cum
1243 2034 1324 2093 igitur
1334 2037 1365 2084 ‹te
1375 2038 1509 2083 usufructu
1521 2037 1616 2097 egitur,
1627 2048 1681 2082 non
1692 2036 1775 2083 solum
1786 2036 1853 2095 quod

1013 2103 1159 2149 factumest
1170 2102 1327 2164 srditrstur,
1348 2105 1392 2152 scd
1402 2104 1481 2151 etium
1494 2103 1520 2149 in
1536 2105 1667 2165 futurum,
1687 2104 1853 2164 quemadmo-

1014 2171 1074 2217 dum
1097 2169 1137 2215 nti
1158 2169 1210 2215 frui
1231 2168 1330 2216 debent.
1366 2173 1389 2231 9.
1407 2175 1431 2217 2.
1448 2170 1648 2229 Depruetcritis
1657 2176 1742 2218 sutem
1753 2170 1853 2218 damnis

1014 2235 1172 2284 fructuarius
1181 2237 1259 2283 etiam
1270 2236 1328 2296 luge
1338 2238 1441 2296 Aquilia
1453 2242 1571 2299 tenetur,
1593 2241 1620 2284 et
1630 2237 1772 2285 interdicto
1785 2239 1854 2295 quod

1014 2304 1041 2349 vi
1052 2307 1098 2350 aut
1108 2303 1189 2363 dam,
1212 2305 1240 2347 ut
1250 2304 1366 2350 tuttunns
1378 2306 1424 2354 ait.
1446 2306 1510 2352 Nam
1521 2304 1691 2351 fructuarium
1702 2317 1802 2364 qnoque
1812 2308 1853 2354 te·

1014 2371 1070 2416 neri
1083 2370 1122 2417 tris
1133 2369 1286 2432 actionibus,
1297 2384 1345 2418 nee
1356 2386 1408 2420 non
1419 2372 1497 2433 furti,
1509 2368 1606 2419 certum
1618 2374 1666 2431 cst,
1687 2371 1754 2417 sicut
1764 2384 1853 2428 quem·

1014 2437 1079 2484 libet
1089 2437 1183 2496 situm,
1204 2437 1248 2494 uui
1259 2437 1287 2483 iu
1296 2438 1383 2488 silens
1394 2454 1423 2486 re
1435 2440 1488 2486 tsle
1498 2438 1559 2496 quid
1570 2437 1736 2486 commiserit.
1772 2438 1852 2487 Deni-

1013 2517 1063 2565 que
1073 2504 1222 2552 consultus:
1243 2516 1294 2564 qno
1306 2508 1400 2554 ionum
1410 2507 1475 2570 icit,
1494 2506 1624 2552 actionem
1640 2504 1762 2564 polliceri
1772 2505 1853 2554 Prac-

1014 2577 1113 2635 torcm,
1134 2584 1212 2629 quum
1229 2577 1364 2631 competat
1373 2574 1439 2632 legis
1457 2574 1576 2632 Aquilino
1587 2571 1676 2620 sctioi
1700 2573 1852 2631 respoudit:

1014 2641 1077 2700 quic
1086 2646 1147 2686 suist
1155 2652 1249 2695 eusss,
1270 2640 1299 2687 iss
1309 2643 1398 2702 quidus
1408 2645 1493 2690 cesset
1503 2640 1623 2702 Aquiliae
1634 2641 1719 2700 ποτέος
1742 2640 1800 2687 ideo
1811 2641 1853 2687 iu-

1016 2707 1097 2753 dicem
1117 2706 1188 2768 dsri,
1208 2709 1238 2753 ut
1257 2708 1313 2753 eins
1334 2709 1461 2756 srbitratu
1483 2711 1572 2754 ututur
1586 2710 1696 2759 fruatur.
1731 2707 1853 2765 Numqui

1015 2787 1104 2832 ugrum
1114 2787 1166 2819 non
1178 2774 1334 2833 proscindit,
1356 2777 1398 2837 qui
1412 2779 1477 2824 cites
1489 2789 1541 2822 non
1553 2775 1678 2837 dutiserit,
1699 2773 1761 2821 item
1773 2787 1854 2833 aquu-

1014 2854 1072 2888 rnm
1090 2841 1182 2888 ductus
1199 2843 1329 2902 comumpi
1344 2844 1457 2907 patitur,
1479 2844 1537 2902 tege
1552 2842 1656 2900 Aquilio
1673 2855 1726 2887 nun
1738 2844 1851 2890 tenetur.

1014 2908 1111 2955 Eadem
1121 2913 1147 2955 ct
1158 2909 1186 2954 in
1197 2909 1303 2956 usnsrio
1313 2909 1422 2958 dicentis
1432 2916 1501 2957 sunt.
1539 2912 1562 2970 9.
1574 2911 1598 2956 d.
1611 2910 1662 2956 Sed
1673 2909 1694 2955 st
1706 2909 1776 2957 inter
1788 2910 1852 2958 duos

1016 2975 1174 3022 fructuarios
1185 2976 1220 3021 sit
1230 2979 1419 3040 controuersia,
1427 2978 1543 3024 lulianus
1552 2977 1620 3025 lituro
1629 2977 1764 3035 trigesimo
1777 2979 1850 3023 octa·

1015 3054 1048 3088 ro
1059 3042 1225 3101 Digestorum
1236 3044 1335 3104 scribit,
1357 3045 1538 3103 aequissimum
1548 3054 1618 3104 csse,
1640 3042 1711 3101 qussi
1723 3042 1853 3088 communi

1015 3109 1156 3156 diuidundo
1167 3109 1290 3157 iudicium
1300 3111 1371 3172 dsri,
1393 3113 1435 3158 ret
1446 3110 1616 3169 stipulatione
1627 3109 1697 3154 tuter
1712 3119 1742 3152 se
1752 3120 1798 3153 eos
1809 3120 1852 3153 cs-

1015 3188 1092 3237 uere,
1112 3176 1364 3233 quaiiterfruuntur.
1401 3179 1543 3231 curemini,
1565 3174 1649 3231 inquit
1666 3173 1795 3236 lulisuns,
1817 3172 1854 3220 ud

1015 3257 1093 3289 uruca
1103 3250 1130 3289 et
1139 3245 1227 3289 riuum
1240 3244 1383 3302 precedere
1393 3247 1519 3303 putr'ntur
1529 3242 1646 3287 Praetor
1652 3271 1662 3297 ,
1691 3253 1755 3301 quos
1763 3245 1854 3299 potest

1014 3310 1193 3356 iurisdictione
1214 3322 1263 3356 ssu
1283 3308 1453 3369 componere!
1480 3309 1562 3362 Quam
1583 3305 1739 3355 sententiam
1760 3307 1852 3355 celsus

1015 3389 1117 3436 qunque
1128 3376 1195 3422 libro
1206 3376 1329 3424 vicesimo
1339 3377 1505 3436 Digestorum
1514 3375 1616 3437 probst,
1634 3379 1660 3422 et
1671 3387 1720 3434 ego
1730 3376 1795 3432 puto
1808 3387 1852 3422 re-

1016 3458 1078 3492 rsnc.
1103 3446 1126 3504 9.
1139 3445 1163 3489 i.
1174 3442 1344 3492 Frucrucriss
1355 3457 1455 3492 cansam
1468 3442 1634 3504 proprietatis
1645 3442 1801 3495 deteriorem
1813 3445 1853 3491 fs-

1016 3526 1074 3559 ecrc
1085 3524 1138 3559 uon
1149 3511 1242 3574 debet,
1263 3511 1398 3558 meliorem
1408 3514 1492 3561 fnccrc
1503 3515 1597 3570 potest.
1644 3511 1685 3555 its
1696 3510 1717 3555 si
1729 3510 1802 3556 fundi
1815 3511 1854 3557 est

1015 3581 1179 3626 ususfructus
1203 3577 1319 3640 legatus,
1339 3590 1393 3626 non
1410 3581 1486 3627 dettct
1502 3591 1584 3637 neque
1596 3576 1703 3624 srbnres
1714 3577 1854 3636 frugiferas

1016 3647 1153 3705 excidere,
1174 3658 1257 3704 neque
1273 3647 1363 3694 villum
1378 3647 1481 3694 diruere
1497 3681 1505 3710 ,
1526 3643 1720 3701 necquidquam
1730 3645 1816 3691 fucere
1827 3643 1854 3689 iu

1016 3713 1157 3773 perniciem
1167 3713 1343 3772 proprictstts.
1355 3713 1421 3761 Etsi
1433 3716 1502 3761 forte
1512 3711 1640 3773 voluptati
1652 3710 1852 3773 fuitprscdinm,

1016 3780 1158 3840 viridaris,
1176 3780 1218 3826 vel
1228 3781 1402 3843 gestationes,
1423 3782 1465 3827 vet
1482 3778 1702 3827 deambulationes
1719 3777 1855 3824 arboribus

1015 3847 1188 3896 infructuosis
1202 3860 1297 3906 opscus
1317 3853 1394 3906 atque
1409 3861 1531 3895 smoenas
1541 3847 1652 3909 nubens,
1682 3857 1737 3891 non
1754 3844 1857 3892 delictit

1016 3915 1142 3975 deiicere,
1162 3917 1192 3960 nt
1206 3914 1275 3962 forte
1294 3915 1384 3964 hortus
1400 3914 1524 3963 clitorius
1535 3914 1630 3974 factat,
1650 3911 1775 3960 vetattud
1786 3910 1855 3974 quid,

1017 3983 1084 4043 quui
1094 3981 1126 4029 sd
1136 3981 1248 4033 miiitum
1258 3986 1367 4041 spectat.
1397 3986 1420 4044 9.
1434 3986 1457 4030 t.
1470 3983 1532 4029 tndc
1542 3984 1582 4028 est
1592 3978 1751 4039 qusesitum:
1772 3990 1805 4023 sn
1817 3977 1856 4025 ts-

1017 4049 1160 4111 pidiciuss,
1180 4048 1223 4096 vet
1240 4050 1424 4113 erellfodinas,
1442 4050 1483 4096 ret
1495 4048 1672 4096 arenifodinas
1682 4046 1738 4105 ipse
1748 4046 1857 4092 institn-

1018 4130 1062 4164 ere
1074 4114 1175 4176 possiti
1209 4116 1244 4164 Iit
1255 4131 1304 4177 ego
1314 4122 1387 4180 puto,
1404 4118 1483 4167 ctiam
1495 4117 1576 4176 ipsum
1589 4114 1727 4161 instituere
1736 4125 1821 4174 posse,
1832 4110 1856 4159 sl

1019 4198 1071 4232 uon
1092 4184 1149 4243 agri
1169 4186 1269 4243 partem
1287 4186 1459 4233 uecesssrium
1481 4184 1541 4230 huic
1560 4183 1600 4230 rei
1618 4185 1790 4240 occupaturus
1807 4180 1855 4227 cst

1017 4250 1131 4299 Pruirme
1152 4263 1230 4298 venss
1248 4265 1350 4311 quoquc
1360 4252 1559 4312 lapidicinarum
1569 4252 1596 4297 et
1606 4248 1753 4296 huiusmodi
1765 4247 1857 4293 metut-

1017 4319 1104 4366 turum
1113 4318 1247 4377 inquirere
1257 4321 1371 4378 poterin
1393 4333 1456 4379 ergo
1467 4323 1493 4365 et
1504 4317 1578 4379 curi,
1595 4318 1622 4363 et
1633 4313 1744 4375 argenti,
1765 4317 1792 4361 ct
1803 4311 1857 4358 sut-

1018 4385 1125 4447 piurls,
1145 4387 1172 4431 et
1181 4387 1263 4448 seris,
1284 4391 1310 4434 et
1321 4387 1400 4448 ferri,
1411 4390 1438 4433 et
1449 4389 1596 4433 ceterorum
1607 4382 1724 4443 fodinas,
1742 4380 1783 4427 rei
1795 4390 1858 4438 quas

1019 4452 1209 4514 psterlsmttiss
1227 4454 1360 4515 instituit,
1383 4466 1507 4500 exercere
1523 4450 1635 4511 poterit,
1655 4449 1697 4495 vet
1714 4448 1770 4506 ipse
1781 4444 1858 4492 tusti-

1019 4527 1112 4582 tuere,
1133 4518 1156 4566 si
1176 4520 1242 4568 ninii
1262 4521 1438 4581 sgricultnrse
1456 4519 1567 4567 nocebit.
1603 4515 1671 4562 Etsi
1682 4512 1857 4575 fortcinlroc,

1019 4588 1088 4647 quod
1109 4587 1239 4649 instituit,
1261 4589 1318 4647 ptus
1335 4588 1436 4636 reditus
1447 4587 1496 4647 stt,
1516 4582 1629 4643 qnamin
1641 4581 1740 4643 vineis,
1761 4580 1803 4627 rel
1816 4590 1858 4625 sr-

1019 4655 1118 4718 bustis,
1139 4655 1182 4701 vet
1202 4654 1322 4716 olivetis,
1343 4668 1408 4712 quse
1427 4654 1548 4713 fuerunt,
1569 4650 1681 4697 forsitan
1701 4648 1780 4696 etiam
1796 4645 1859 4692 truce

1021 4722 1134 4769 deiicere
1153 4724 1265 4783 poterit,
1286 4722 1412 4779 siquidem
1428 4720 1453 4767 ei
1471 4718 1633 4780 permittitur
1648 4715 1787 4763 metiursrc
1797 4725 1859 4771 pro·

1019 4789 1166 4850 prtetstem.
1202 4791 1225 4848 9.
1237 4794 1260 4837 6.
1272 4790 1300 4838 Si
1312 4794 1410 4851 tumen,
1438 4800 1503 4845 quus
1515 4785 1632 4834 institnit
1643 4780 1859 4841 usufructuurius,

1021 4861 1067 4905 sut
1077 4857 1177 4903 usetum
1188 4861 1352 4918 eorrumpsut
1362 4856 1435 4917 agri,
1456 4859 1499 4902 sut
1510 4866 1630 4914 magnum
1641 4852 1792 4910 apparatum
1806 4847 1861 4895 sint

1021 4924 1215 4987 desidcrsturu,
1235 4926 1354 4984 opiticum
1374 4925 1459 4983 forte,
1480 4922 1523 4968 vel
1541 4919 1700 4980 legatorum,
1722 4926 1859 4976 quemnam

1022 4994 1108 5052 potest
1118 4992 1247 5040 sustinere
1258 4990 1454 5053 proprietarius,
1474 5000 1529 5035 non
1539 4987 1671 5035 uidebitur
1681 4986 1732 5034 virt
1744 4985 1806 5033 boni
1816 4996 1860 5033 sr-

1022 5059 1119 5106 bltrstu
1130 5060 1192 5106 frui.
1220 5061 1270 5107 Sed
1280 5074 1328 5107 nce
1338 5057 1482 5105 aediticium
1493 5056 1595 5114 quidem
1605 5056 1751 5113 positurum
1762 5055 1790 5100 in
1800 5052 1863 5100 fun-

1022 5128 1069 5187 do,
1092 5127 1142 5173 nisi
1154 5128 1222 5184 quud
1242 5127 1273 5173 sd
1293 5128 1404 5173 fructum
1424 5123 1616 5184 percipiendum
1633 5121 1805 5171 necessarium
1815 5121 1859 5167 stt.

1022 5197 1044 5254 9.
1058 5196 1082 5238 f.
1104 5195 1153 5241 Sed
1170 5195 1192 5239 si
1209 5193 1310 5240 aedium
1321 5193 1483 5239 ususfructus
1495 5192 1596 5251 legatus
1614 5189 1665 5254 sil,
1686 5187 1861 5251 Nerusiilins,

1021 5266 1048 5308 et
1059 5261 1158 5306 lumina
1169 5261 1307 5308 immittere
1317 5273 1374 5306 cum
1385 5272 1476 5318 posse,
1488 5259 1532 5305 ait.
1553 5259 1603 5306 Sed
1614 5261 1641 5305 et
1653 5259 1770 5317 colores,
1783 5258 1810 5303 et
1820 5255 1861 5314 pi-

1022 5331 1107 5374 eturss
1116 5353 1126 5389 ,·
1135 5331 1160 5374 et
1171 5341 1298 5374 murmora
1309 5328 1420 5387 poterit,
1432 5330 1458 5373 et
1470 5327 1572 5386 sigilis,
1586 5330 1612 5373 et
1623 5326 1646 5371 si
1657 5325 1718 5384 qnid
1729 5324 1761 5370 sd
1771 5323 1862 5369 domus

1023 5400 1142 5442 ornatum
1163 5396 1287 5453 pertinet.
1324 5396 1374 5443 Sed
1392 5395 1586 5454 nequediactss
1599 5394 1799 5453 transformare,
1820 5390 1862 5438 vet

1024 5464 1194 5523 coniungere,
1215 5466 1260 5510 sut
1271 5476 1392 5521 separare
1403 5460 1427 5509 et
1441 5463 1613 5520 permittetur,
1632 5460 1673 5506 uel
1686 5458 1770 5505 editus
1781 5457 1863 5516 posti-

1024 5542 1099 5589 casye
1110 5536 1227 5587 uertere,
1239 5531 1281 5577 vel
1293 5530 1394 5588 refugia
1405 5529 1522 5589 aperire,
1539 5529 1581 5577 uel
1593 5527 1685 5572 atrium
1701 5528 1808 5584 mutare,
1819 5523 1862 5570 set

1025 5598 1149 5646 viridaria
1159 5598 1192 5645 su
1203 5599 1280 5645 alium
1291 5599 1394 5645 modum
1406 5600 1576 5652 conuertere,
1589 5594 1709 5642 excutere
1720 5592 1788 5639 enim
1795 5588 1861 5648 quod

1026 5666 1127 5715 invenit
1138 5670 1231 5729 potest,
1242 5667 1367 5726 qualitate
1377 5665 1480 5713 aedium
1489 5678 1542 5712 non
1553 5664 1694 5710 immutetur.
1718 5661 1782 5704 ltcm
1794 5658 1862 5702 Ner-

1024 5747 1074 5783 rs:
1106 5747 1163 5783 eum
1170 5767 1178 5797 ,
1199 5734 1240 5782 cui
1257 5736 1358 5782 sedium
1368 5735 1527 5849 matrum
1539 5732 1639 5789 legatus
1651 5726 1696 5789 sit,
1720 5724 1797 5770 attius
1808 5722 1862 5769 tot·
