4328 6438
386 418 440 469 itt)
899 412 982 463 DlG.
1012 410 1113 463 xxu.
1141 410 1168 462 4.
1196 408 1222 465 5.
1266 409 1324 463 ltu
1359 407 1582 461 TESTIBUS.

386 557 564 599 testamentum
575 549 694 605 iaciebat,
705 548 788 607 ei,qui
801 561 879 604 usque
890 548 921 593 ad
932 553 1028 595 eertum
1039 549 1142 595 modam
1152 561 1227 606 eape-
1262 546 1289 592 ni
1301 549 1420 607 oportet,
1432 558 1533 603 semper
1544 545 1671 592 seniorem
1683 544 1791 612 iuniori,
1811 553 1834 597 et
1843 553 1958 612 amplioris
1967 557 2049 608 honoris

385 634 414 666 re
425 622 534 677 poterut,
554 615 651 672 legeuit
662 614 758 659 licitum
769 615 952 672 quantitatem
974 615 1067 661 deiude
1078 616 1116 660 ita
1125 615 1227 661 loeutus
1262 612 1398 673 interiori,
1416 615 1442 658 et
1452 625 1550 660 maresa
1559 612 1685 675 iemiaae,
1705 617 1731 661 et
1740 614 1870 675 iugenuam
1881 619 1986 670 libertino
1996 639 2052 684 pm.

387 690 437 732 est:
461 686 527 729 litio
538 688 636 727 centurn
646 681 678 725 do
689 681 754 739 lego,
765 683 902 739 quaemihi
913 682 1040 740 pertulit,
1060 683 1230 741 puueieleoei
1263 680 1383 731 letemus,

386 766 436 796 sos
446 751 513 803 euri,
524 748 591 808 qnod
599 760 694 792 ornnem
707 748 847 808 fortunam
857 754 882 792 et
893 748 1078 808 substantiam,
1089 750 1113 793 si
1122 762 1199 807 quam
1210 762 1228 792 a
1607 777 1690 837 ΤΠ,
1726 778 1750 836 V

387 823 472 863 sratre
484 818 648 871 susceperat,
667 814 694 856 in
710 813 767 857 sinu
783 828 836 858 uteo
855 813 936 857 dabui
949 816 1003 859 sine
1022 815 1079 859 ulla
1099 817 1227 861 cautione.
1692 820 1700 836 ⁶
1753 819 1761 835 ⁶

386 884 451 928 Itene
461 881 539 925 eidem
552 880 619 923 Titio
630 878 704 923 reddi
713 885 738 923 et
749 880 814 924 solae
825 880 883 924 eolo
894 880 924 923 ele
935 880 1082 925 substantia
1098 894 1156 925 rnea
1171 894 1228 924 een·
1520 861 1543 907 D
1553 860 1576 906 Ε
1611 862 1632 906 Τ
1644 861 1694 908 Es
1707 863 1727 907 Τ
1738 864 1749 907 ¹
1761 863 1778 907 Β
1788 864 1807 908 U
1817 864 1843 910 ⁸·

386 947 646 1006 nmqniequaginta,
669 958 736 1002 quae
746 959 790 1003 ego
802 959 837 990 ee
848 946 973 991 reditibus
980 946 1151 1003 praediorum
1162 949 1227 1000 etus,
1315 942 1335 987 1.
1356 940 1538 1005 Arcadius,
1563 945 1608 1004 qui
1627 951 1655 990 et
1677 944 1820 1007 Charisius,
1839 946 1898 992 libro
1915 950 2021 1008 singulari
2034 956 2055 1001 de

386 1027 493 1075 quorum
505 1013 559 1070 ἰμιι
563 1013 682 1073 fructum
688 1013 797 1069 percepi
806 1020 831 1056 et
841 1012 968 1066 distraou',
986 1013 1046 1057 item
1057 1011 1087 1057 rie
1099 1012 1228 1058 Calenda-
1267 1009 1391 1054 Teutibus.
1433 1009 1651 1055 Testimoniorum
1671 1024 1731 1056 asos
1751 1014 1864 1070 frequens
1884 1026 1910 1058 ae
1928 1020 2056 1066 neeemrir.

386 1084 436 1131 rio.
447 1080 471 1125 si
478 1092 529 1137 qua
540 1092 557 1122 ιι
567 1083 653 1122 utam
664 1083 803 1134 receperat
813 1079 903 1131 Titius,
913 1080 939 1122 in
950 1092 1004 1122 rem
1015 1091 1097 1123 necare
1104 1079 1227 1123 conuerti.
1265 1079 1313 1135 cst,
1325 1078 1351 1119 et
1362 1074 1394 1119 ab
1406 1074 1445 1119 his
1458 1077 1593 1134 praecipue
1604 1077 1757 1137 exigendus,
1767 1090 1868 1135 quoram
1878 1078 1933 1124 ides
1942 1094 1986 1126 non
1996 1087 2056 1130 escil-

387 1146 504 1199 Quaero:
524 1143 930 1200 unTitiuseaesigerepotesti
958 1143 1230 1201 Respondizsi'l'itius
1265 1140 1311 1187 lot.
1347 1142 1370 1198 p.
1389 1143 1410 1185 1.
1433 1142 1554 1188 Adhiberi
1571 1155 1671 1198 quoque
1689 1147 1942 1201 testespossuntnun
1961 1148 2056 1196 solania

386 1212 560 1268 suprascripto
572 1223 604 1255 ex
616 1208 719 1253 ratione
732 1222 777 1253 sua
788 1209 819 1253 ud
837 1214 986 1255 testatorem
1004 1211 1152 1268 pervenisse
1170 1223 1230 1267 pro·
1265 1206 1443 1253 criminalibus
1454 1208 1548 1268 causis,
1559 1199 1603 1254 sed
1615 1209 1691 1255 etiam
1704 1209 1731 1253 in
1741 1209 1890 1267 pecuniariis
1900 1209 2057 1272 litibus,sieubi

386 1279 446 1324 bare
458 1276 579 1335 potuerit,
591 1274 676 1331 exigi3
698 1276 779 1320 uideri
791 1275 859 1321 etnim
871 1289 916 1335 eo,
935 1278 1002 1334 quod
1014 1277 1059 1322 ilie
1071 1277 1127 1334 plus
1139 1288 1230 1333 capere
1265 1286 1307 1319 res
1317 1273 1449 1330 postulat,
1470 1276 1496 1318 et
1506 1273 1546 1331 hi,
1568 1274 1659 1329 quibus
1672 1287 1724 1320 non
1742 1275 1896 1322 interdicitur
1911 1278 2057 1341 testimonium,

385 1356 439 1390 nun
451 1347 567 1402 poterat,
579 1343 605 1386 in
617 1343 729 1387 troadem
743 1341 807 1397 louis
818 1342 880 1388 haee
891 1342 917 1386 in
929 1346 1083 1388 testamento
1095 1343 1227 1388 adiecisse.
1265 1353 1313 1391 nee
1323 1340 1379 1384 ulls
1389 1340 1446 1397 lege
1456 1351 1471 1384 a
1482 1340 1590 1386 dicendo
1601 1334 1750 1387 testimonio
1761 1344 1917 1388 excusantur.
1934 1345 1954 1400 p.
1964 1348 1984 1388 t.
1993 1348 2058 1401 Quen.

435 1408 554 1455 xxviii.
573 1408 683 1453 Labeo
704 1409 769 1452 libro
788 1409 850 1452 l'll.
863 1408 999 1454 Pitlranum
1015 1424 1033 1454 a
1048 1409 1132 1455 Paulo
1149 1411 1230 1466 epito-
1265 1419 1340 1461 quam
1351 1405 1499 1463 quibusdam
1511 1407 1611 1462 legibus
1621 1407 1791 1465 amplissimus
1802 1420 1915 1452 nanterus
1926 1409 2013 1456 testium
2027 1412 2059 1459 de.

386 1483 522 1523 relatorum.
558 1474 585 1519 Si
597 1473 694 1519 arbiter
703 1474 908 1521 animaduertere
918 1475 1018 1529 debeat,
1028 1489 1061 1520 an
1073 1475 1158 1533 operis
1169 1475 1229 1520 laeti
1266 1472 1354 1517 buitur
1365 1475 1413 1531 est,
1422 1476 1508 1518 tamen
1517 1486 1549 1517 ex
1562 1474 1793 1519 constitutionibus
1803 1473 1934 1532 principum
1942 1475 2058 1523 bacclicen-

386 1541 509 1589 memoria
521 1543 621 1600 exstet,
642 1539 724 1584 bocci
736 1541 908 1597 quaerendum
920 1545 971 1587 est:
992 1553 1024 1586 sss
1037 1542 1130 1600 uliquis
1141 1541 1230 1587 memi-
1266 1539 1304 1583 tia
1313 1539 1343 1584 ad
1355 1539 1523 1585 sufficientem
1534 1552 1666 1585 srumerum
1678 1540 1782 1586 testium
1793 1543 1936 1598 coarctatur,
1954 1546 1976 1585 ut
1985 1543 2057 1590 iudices

386 1607 768 1668 uerit,idopnsiaeturnessel
804 1603 910 1654 Paulus:
934 1607 1230 1659 immacumsbarbitro
1266 1604 1440 1664 moderentur,
1451 1608 1477 1649 et
1488 1618 1544 1649 eum
1557 1606 1641 1651 solum
1652 1619 1784 1652 sruurerom
1796 1607 1904 1661 testium,
1923 1618 2058 1664 quemnem-

386 1674 533 1734 qoseritnr,
554 1673 677 1718 memoria
694 1672 755 1718 inuti
772 1672 859 1729 operis
875 1677 962 1719 exstet
977 1687 1026 1720 nec
1044 1677 1093 1721 nel
1113 1687 1165 1720 sion
1182 1673 1230 1719 boc
1265 1670 1361 1715 sarium
1382 1683 1438 1715 esse
1458 1670 1621 1733 putaverint,
1642 1673 1745 1718 ei'ocari
1767 1673 1903 1729 potiuntur,
1920 1686 1948 1716 ne
1965 1674 2059 1720 ebrensis

386 1739 529 1798 quaeritur,
540 1753 599 1787 num
611 1738 704 1794 aliquis
716 1739 876 1800 meminerit,
893 1754 942 1799 quo
955 1741 996 1786 die
1007 1745 1053 1786 aut
1063 1755 1112 1797 quo
1124 1741 1230 1786 consulo
1266 1740 1394 1794 potestate
1405 1736 1438 1782 nd
1448 1738 1579 1783 venandos
1587 1738 1712 1799 homiues,
1720 1741 1847 1797 superius
1855 1737 2059 1787 multitudotestiun

386 1809 482 1853 iactum
495 1805 590 1866 sit,sed
600 1818 660 1851 num
672 1806 719 1850 boc
729 1806 815 1860 aliquo
827 1807 902 1851 modo
913 1807 1015 1864 probari
1029 1808 1120 1865 possit,
1128 1807 1230 1863 quando
1266 1804 1441 1861 protrabatur.

387 1873 412 1919 id
424 1885 488 1930 opus
500 1873 594 1917 laetum
605 1871 656 1917 siti
678 1876 702 1916 ct
715 1872 762 1917 buc
774 1872 817 1933 ita,
832 1874 1002 1931 qnodGraeci
1013 1875 1098 1920 dicere
1109 1875 1195 1919 soleat
1206 1874 1231 1916 lu
1316 1871 1349 1914 11.
1368 1870 1908 1931 Modestinuslibrol'lHJiegularnn.
1940 1871 2061 1918 Intestino·

386 1932 497 1997 ιιλὰιιι,·
517 1942 601 1996 potest
613 1938 682 1984 enim
693 1938 741 1984 boc
753 1939 875 1984 memoria
886 1941 979 2002 teneri,
991 1954 1043 1986 uon
1055 1941 1124 1987 intra
1134 1954 1230 1986 artuum
1267 1935 1318 1981 uiis
1329 1940 1413 1982 autem
1425 1936 1545 1997 dignitas,
1561 1937 1632 1995 tides,
1643 1950 1742 1995 mores,
1754 1938 1865 1994 gravitas
1876 1936 2021 1983 examinastis
2027 1941 2062 1998 est,

300 2021 306 2025 ·
387 2010 449 2066 puta
460 2006 564 2063 iactum,
575 2018 653 2063 quum
665 2005 770 2050 interim
781 2019 855 2051 nemo
866 2007 900 2051 sit
911 2021 1010 2068 eurum,
1022 2007 1065 2065 qai
1077 2007 1231 2066 meminerit,
1266 2005 1291 2048 et
1303 2003 1361 2048 ideo
1373 2005 1462 2062 testes,
1473 2002 1733 2061 quiaduersusbdem
1744 2017 1806 2051 susc
1817 2000 2063 2066 testationissscillsst,
2126 2046 2127 2069 ,

388 2073 479 2130 quibus
491 2072 640 2117 consulibus
651 2070 677 2116 id
695 2070 798 2117 viderit.
834 2073 886 2118 Sed
902 2087 960 2119 cum
976 2074 1091 2120 omnium
1110 2074 1172 2119 inec
1192 2078 1231 2118 est
1266 2068 1389 2114 audiendi
1402 2082 1454 2114 non
1465 2072 1533 2114 sunt.
1836 2126 1839 2129 Ι

389 2138 487 2200 opinio,
500 2139 669 2197 necandisse,
681 2151 728 2184 uec
740 2137 1137 2201 uidisse,qaumidopasberet,
1149 2153 1231 2195 neque
1318 2136 2000 2196 111·CallistratutlibroIV·dessugnil¹'⁰⁸t'btt·
2027 2136 2063 2182 Tt·
2126 2176 2127 2189 .

389 2220 422 2252 ex
435 2205 472 2251 eis
485 2207 595 2264 muniisse,
608 2202 651 2260 qui
663 2205 797 2263 uidissent,
808 2209 852 2250 aut
863 2205 1011 2267 audissent,
1034 2210 1059 2252 et
1070 2207 1119 2252 hoe
1129 2207 1232 2252 intinite
1267 2199 1345 2246 fliium
1356 2201 1418 2246 fidet
1429 2201 1568 2259 diligenter
1579 2202 1750 2249 examinanda
1760 2208 1813 2265 est,
1835 2204 1936 2262 ideoque
1946 2202 1969 2246 iu
1982 2214 2064 2259 pennu

389 2272 511 2317 similiter
522 2284 624 2317 sursum
636 2284 735 2317 uersum
746 2271 876 2333 acciderit,
898 2276 951 2320 tum
962 2272 1084 2320 memoris
1096 2273 1183 2331 operis
1194 2274 1232 2318 fn.
1267 2279 1355 2312 eorum
1366 2268 1526 2325 exploranda
1536 2275 1614 2314 erunt
1625 2269 1651 2313 in
1662 2270 1752 2327 primis
1763 2270 1875 2316 conditio
1883 2270 2063 2326 retorquentem

390 2337 425 2385 cti
437 2352 489 2383 υοιι
501 2341 626 2385 exstaret.
1268 2333 1326 2391 quis
1336 2334 1440 2380 decurio
1451 2348 1483 2379 an
1496 2334 1669 2394 plebeiorum,
1690 2341 1717 2382 et
1732 2350 1766 2382 an
1783 2339 1941 2397 bpnestne·et
1953 2335 2064 2393 inculpatae

436 2403 532 2450 xxix.
552 2405 722 2452 Scaevola
742 2403 1056 2465 tidrolxffigemrm
1092 2408 1233 2465 lmpemo.
1268 2401 1346 2459 vitae,
1365 2412 1399 2444 au
1413 2414 1474 2446 vero
1485 2406 1590 2446 notatus
1601 2402 1658 2460 quis
1668 2407 1694 2447 et
1704 2403 1925 2461 reprehensibilis,
1943 2401 2064 2458 uniocuples
2126 2420 2127 2429 =

387 2484 431 2518 res
440 2471 587 2517 Antoninus
598 2470 820 2529 etVerosAugusti
829 2472 1082 2532 Claudiodpollinari
1094 2473 1233 2531 rescripse-
1268 2466 1309 2512 vel
1320 2478 1399 2523 ⁰8⁶⁰!
1409 2467 1453 2525 tit,
1464 2472 1491 2511 ut
1503 2466 1567 2512 lucri
1580 2481 1656 2514 eausa
1665 2469 1725 2523 quid
1738 2470 1815 2516 iaeiie
1824 2470 1941 2528 admittet,
1951 2468 1986 2513 vel
1994 2480 2020 2512 su
2028 2467 2064 2512 ini·
2126 2478 2127 2503 ι

387 2540 448 2583 runt
460 2537 487 2583 in
498 2538 560 2585 baec
570 2538 661 2584 rerba:
682 2537 864 2597 Probutioneu,
874 2553 941 2598 puae
951 2537 1053 2596 defiliie
1064 2541 1170 2599 dantur,
1182 2554 1232 2584 aon
1268 2532 1347 2578 micas
1357 2531 1381 2578 ei
1393 2533 1435 2593 sit,
1446 2533 1568 2579 aduersus
1580 2547 1653 2589 quern
1666 2535 1842 2585 testimoninm
1852 2539 1908 2594 lert,
1921 2535 1957 2579 rel
1967 2532 2065 2578 amienset
2126 2526 2127 2573 1

387 2606 415 2651 in
431 2607 490 2651 sola
507 2605 685 2664 affirmatione
701 2606 801 2650 testium
820 2603 974 2659 consistunt,
994 2606 1079 2652 sedet
1095 2607 1233 2664 epistolas,
1267 2598 1315 2659 ⁸5²,
1335 2611 1382 2657 itm
1392 2612 1442 2658 (1²¹⁰
1461 2599 1637 2646 ittfimffltium
1654 2601 1706 2647 dat.
1742 2604 1808 2648 Num
1824 2603 1845 2647 Ιῑ
1862 2600 2065 2656 elmlffliffit't
2126 2614 2127 2655 i

388 2685 456 2733 quae
466 2673 592 2719 uror-rbus
602 2673 695 2719 missae
705 2671 861 2730 allegantur,
869 2674 893 2717 ui
902 2669 992 2729 defide
1002 2675 1232 2737 eorumeousistat‚
1268 2665 1446 2711 testimouium
1458 2667 1498 2710 t'el
1509 2672 1615 2724 propter
1626 2680 1776 2728 personam,
1788 2683 1805 2715 s
1814 2682 1862 2725 qus
1872 2671 1959 2726 tertur,
1973 2666 2025 2723 qoud
2033 2665 2066 2711 is·

388 2739 537 2784 nonullam
548 2739 628 2785 nicene
643 2740 868 2783 instrumentorum
884 2738 997 2789 obtinere
1008 2772 1015 2797 ,
1037 2738 1168 2784 decretum
1184 2745 1231 2784 est.
1268 2736 1342 2778 nesta
1352 2733 1395 2793 sit,
1407 2732 1449 2777 vel
1460 2736 1565 2791 propter
1575 2745 1684 2795 eausam,
1695 2735 1763 2792 quod
1774 2749 1856 2793 neque
1866 2735 1936 2795 lucri,
1948 2743 2066 2788 uetiti*

389 2806 412 2864 ς.
426 2806 448 2850 l.
460 2804 556 2852 Mulier
567 2804 673 2863 grauida
683 2802 914 2863 repudiata,tilium
924 2805 1002 2851 enixa
1012 2805 1118 2851 absente
1129 2804 1232 2865 marito,
1268 2796 1330 2853 tite,
1341 2812 1423 2857 neque
1433 2799 1584 2844 inimicitiae
1595 2813 1670 2846 musa
1680 2800 1740 2863 liat,
1760 2801 1940 2849 admittendum
1953 2802 1995 2845 est·
2023 2799 2067 2857 bl·

388 2874 418 2916 at
429 2872 545 2930 spurium
556 2871 583 2917 in
595 2870 660 2917 setis
671 2871 845 2928 protessacst.
881 2870 1033 2922 Quaesitum
1044 2876 1098 2917 est:
1119 2884 1153 2917 su
1170 2871 1193 2916 is
1206 2872 1233 2916 in
1268 2864 1381 2923 ideoque
1401 2865 1475 2911 illvm
1493 2866 1638 2912 Rubrium!
1658 2868 1732 2913 lunio
1750 2869 1819 2915 Vtro
1842 2870 1935 2929 ¹¹08²i⁰
1952 2862 2069 2923 imiimi

388 2942 519 2997 potestate
529 2938 608 2996 patris
619 2938 670 2999 sit,
691 2940 717 2984 et
730 2942 810 2983 matre
821 2937 943 2982 intestata
956 2943 1070 2997 mortua,
1090 2937 1162 2983 iussu
1177 2938 1233 2983 eius
1268 2930 1375 2978 Ciliciae
1390 2931 1536 2989 rescripsit:
1557 2946 1627 2994 eum,
1647 2933 1691 2992 qui
1707 2934 1823 2994 iudicat,
1844 2934 1921 2993 magis
1936 2945 2001 2991 posse
2014 2929 2069 2989 seire,
2126 2924 2127 2991 i

388 3005 558 3051 hereditatem
571 3004 661 3051 matris
672 3003 746 3050 adire
757 3003 853 3063 possit,
875 3016 922 3049 nee
932 3005 999 3049 obsit
1010 3005 1164 3063 protessioa
1180 3018 1234 3050 ma·
1267 3002 1363 3053 timi!
1377 2997 1440 3045 fidet
1457 2998 1574 3044 imbelli·
1593 2999 1628 3045 *ἢ
1648 2999 1763 3047 ‘alibut-
1803 3002 1882 3047 Vtri·
1901 2999 2011 3058 ‘Philisti
2026 2997 2092 3042 Μ’

389 3071 606 3118 treiratuluctst
641 3069 1166 3128 Respondit:ueritatilbcumsuperlore.
1268 3067 1341 3112 tuni:
1364 3065 1402 3110 Tu
1412 3066 1664 3124 'tatftttt'ttlttitb
1678 3061 2069 3126 Wittstdttlwbwlssliitti‘·

441 3136 536 3195 [XXX.
555 3137 634 3184 Libro
645 3138 668 3184 1.
679 3137 869 3195 Responsoruus
879 3136 955 3183 Festo
972 3137 1119 3196 respoudit:
1140 3138 1169 3184 Si
1187 3149 1234 3182 sn·
1268 3131 1323 3185 titt,
1335 3132 1387 3191 itti,
1398 3137 1425 3176 ti
1433 3133 1506 3177 etim
1516 3132 1667 3193 diguitatis,
1678 3139 1704 3177 et
1713 3136 1786 3179 cuius
1797 3133 1988 3180 existimationis
1996 3130 2071 3187 αἰψ’

389 3203 451 3249 eills
463 3204 529 3265 tuit,
550 3205 581 3251 ud
593 3204 736 3251 libertatem
755 3202 903 3260 perductam
919 3216 972 3250 non
989 3204 1071 3250 rideri
1091 3218 1173 3262 neque
1189 3217 1235 3262 per
1268 3198 1314 3257 Μ
1322 3198 1470 3256 sinpliciter
1480 3199 1530 3244 viti
1537 3199 1589 3243 tint
1600 3199 1692 3259 dicere,
1715 3205 1803 3245 utrum
1814 3200 2070 3257 pennensem-aua

387 3268 577 3317 fideicommissi
589 3271 676 3317 relicti
687 3269 927 3327 sibiprobatiouera
933 3303 942 3331 ,
963 3283 1012 3317 uec
1025 3273 1091 3330 quod
1109 3271 1235 3318 alimenta
1268 3263 1526 3310 ditaturesermoneur
1538 3265 1836 3323 attuleriubuaeudea,
1858 3268 2070 3326 quaemrttlvt·

2126 3360 2127 3397 i

317 3374 323 3381 .
389 3341 451 3382 suut
462 3341 490 3381 at
502 3336 756 3396 notrieipraestita.1
1269 3342 1329 3390 ras,
1351 3343 1386 3375 en
1397 3335 1510 3389 tenpore
1521 3331 1674 3377 consentite
1684 3334 1873 3389 responderint.
1907 3334 1929 3391 b.
1940 3335 1961 3378 2.
1980 3326 2072 3374 Einslea

441 3402 547 3460 [ΧΧΧΙ.
566 3402 644 3449 Libro
661 3404 700 3449 11.
717 3403 846 3449 Mnetorto
862 3401 976 3449 salmo.
1005 3403 1233 3449 Commemoratio.
1269 3395 1599 3455 qaoqueprineipisexstat
1615 3398 1767 3457 rescriptum
1785 3402 1816 3446 ud
1829 3391 2072 3446 Vsteriomi'erandt
2126 3406 2127 3427 ι

390 3481 448 3514 nem
459 3468 486 3514 in
497 3469 668 3528 chirographo
679 3469 859 3528 pecuniarum,
875 3481 940 3524 quse
950 3481 982 3515 ex
995 3468 1048 3515 alia
1059 3482 1136 3516 eausa
1146 3470 1233 3518 deberi
1269 3462 1424 3509 excutienda
1435 3464 1483 3510 tide
1494 3464 1598 3510 testium
1609 3465 1635 3509 in
1647 3465 1708 3511 baec
1720 3467 1811 3512 verbu:
1835 3470 1906 3524 Quae
1916 3455 2074 3524 arguoestssi

391 3533 521 3596 dicuutur,
532 3536 627 3582 iactam
637 3535 688 3582 vim
699 3534 868 3593 obligationis
879 3548 932 3581 non
943 3535 1057 3594 babere-l
1270 3542 1342 3590 utem
1352 3530 1450 3576 niodum
1465 3531 1622 3587 probandae
1632 3534 1721 3590 cuique
1732 3535 1773 3578 rei
1789 3533 1938 3592 sufficiant.
1955 3529 2016 3576 sitiit
2023 3528 2075 3577 ὑπ”

733 3632 759 3690 Τ
768 3632 781 3689 1
787 3631 813 3688 Τ
845 3632 890 3689 W
1269 3597 1343 3675 node
1354 3597 1420 3676 satis
1430 3592 1535 3653 definiri
1540 3604 1646 3675 potest;
1666 3600 1733 3644 sicut
1742 3614 1793 3645 noa
1803 3613 1911 3660 semper,
1920 3602 1957 3645 ita
1965 3606 2032 3671 saepe
2037 3592 2075 3637 n'st

415 3715 467 3764 1..
488 3715 585 3761 ...2
604 3675 1009 3780 nanneni...
1030 3716 1080 3763 ΕΤ
1100 3718 1211 3764 n...
1269 3659 2077 3790 nt:tenetentum.:2:21mm:

665 3781 729 3828 3¹0
738 3783 758 3826 Ν
766 3781 788 3826 Ε
811 3782 915 3827 ΕΟΒῙῘ
924 3784 958 3827 M·
1269 3795 1351 3840 ueluti
1358 3797 1517 3842 consentiens
1528 3797 1610 3858 saura
1621 3793 1759 3854 confirmat
1769 3800 1827 3854 rei,
1847 3800 1878 3844 de
1895 3813 1945 3859 qua
1961 3792 2077 3856 quaeritur,

441 3865 463 3910 1.
481 3862 607 3910 Paulus
624 3862 693 3909 libro
709 3864 749 3908 11.
762 3863 964 3911 Sententiarum.
1000 3867 1235 3913 [instrumentorum
1263 3859 1353 3917 fideu-
1389 3862 1447 3907 Hoc
1457 3875 1517 3921 ergo
1528 3863 1610 3907 saluus
1620 3864 1668 3908 titt
1676 3865 1823 3910 rescribere
1840 3878 1942 3924 possum
1957 3855 2078 3913 umbe,

390 3930 497 3977 nomine
507 3943 538 3976 ea
549 3928 636 3974 omnia
645 3929 796 3988 accipienda
806 3934 874 3989 sunt,
881 3930 971 3989 quibu!
982 3944 1060 3977 eausa
1071 3930 1165 3978 instrui
1177 3937 1234 3989 pot·
1270 3942 1319 3973 non
1330 3929 1416 3986 utique
1426 3927 1465 3973 ud
1471 3942 1548 3974 unam
1555 3929 1720 3987 probationis
1729 3932 1842 3988 speeiem
1851 3922 2080 3991 ruentiruenti·

392 3999 439 4058 est,
446 4000 472 4042 et
482 3997 540 4043 ideo
552 3997 604 4040 tum
615 3995 773 4058 testimonia,
781 4009 856 4053 quum
865 4009 992 4057 personae
1003 3997 1235 4045 instrumentorum
1271 3993 1380 4053 allt'eari
1387 3994 1491 4055 debore,
1510 3994 1556 4041 teti
1571 3999 1749 4042 truculentia
1768 4000 1855 4043 ammi
1873 3999 1913 4043 tui
1931 4003 1955 4041 te
1972 3993 2080 4040 nolim

389 4063 450 4111 loco
460 4062 596 4109 habentur.
1147 4098 1151 4115 ,
1270 4066 1401 4118 oportere,
1413 4060 1475 4121 quid
1483 4066 1532 4106 aut
1541 4062 1646 4121 medas,
1657 4069 1705 4108 aut
1712 4077 1810 4121 parurn
1819 4064 1957 4123 probatus·
1968 4059 2009 4106 nti
2015 4055 2081 4128 epist-¹

441 4131 474 4176 11.
492 4128 579 4176 Iden
597 4128 665 4174 libro
687 4127 715 4173 V.
739 4128 940 4176 Sententiarum.
976 4130 1127 4186 Quicunque
1141 4145 1157 4177 s
1172 4130 1234 4177 fiseo
1270 4127 1316 4173 rit·
1353 4128 1376 4186 b·
1389 4128 1413 4172 ³·
1435 4126 1504 4173 idem
1522 4126 1597 4172 divus
1613 4127 1758 4174 Hadrianus
1770 4131 1847 4176 lunio
1859 4128 1950 4176 Ruina
1959 4117 2081 4195 immi*
2126 4128 2127 4187 ᾗ

348 4212 355 4226 ·
390 4196 558 4255 convenitur,
580 4207 676 4241 nonen
694 4193 781 4243 indice
797 4198 822 4242 et
833 4197 952 4255 exemplo
963 4197 1073 4243 alieuius
1084 4198 1235 4258 scripturae,
1269 4191 1437 4254 Macedoniae
1447 4191 1595 4250 rescripsit:
1615 4194 1723 4241 testibus
1734 4209 1775 4256 se,
1797 4192 1852 4242 nun
1865 4184 2082 4241 testimoniismelt‘
2126 4210 2127 4245 1

390 4261 902 4321 sodexauthenticuconreniendusest,
926 4264 1235 4311 ntitacontrsetustides
1271 4260 1366 4305 turum.
1402 4259 1486 4305 Verba
1496 4259 1624 4317 epistolae
1634 4262 1665 4306 sd
1681 4261 1747 4309 barre
1761 4270 1861 4320 partem
1879 4253 2083 4322 pertinentisittt
2126 4258 2127 4267 ¹

389 4332 474 4392 possit
492 4328 608 4388 ostendi5
630 4332 742 4376 ceterum
762 4329 947 4377 calumniosam
965 4331 1119 4389 scripturam
1136 4332 1188 4377 vitu
1207 4330 1234 4377 in
1270 4328 1343 4372 tuni:
1367 4325 1441 4383 Quod
1448 4327 1557 4372 elimina
1573 4327 1666 4374 obien't
1681 4330 1751 4387 apud
1765 4344 1804 4375 ne
1820 4329 1970 4377 Ale-mle?
1980 4320 2084 4384 ‘irim‘

390 4397 489 4445 iudicio
501 4397 619 4443 obtinere
631 4409 683 4441 uun
699 4396 831 4444 convenit.
1269 4407 1318 4437 aon
1326 4391 1468 4452 probabat,
1478 4406 1526 4438 nee
1537 4399 1616 4439 testes
1623 4394 1795 4457 producebat,
1805 4397 1854 4444 sed
1864 4394 2006 4443 terrimotu
2014 4388 2046 4435 sti
2051 4397 2084 4430 tt·
2126 4424 2127 4461 ,

441 4466 488 4512 tit.
506 4464 592 4510 l'deus
602 4463 669 4509 libro
679 4464 734 4509 111.
746 4465 934 4522 Responsorune
944 4464 1093 4522 respondit:
1115 4464 1235 4521 Repetite
1269 4458 1660 4517 totaequtturupuduutucm
1668 4469 1777 4517 meti,
1799 4464 1987 4522 (mtt'pttttt
1996 4459 2084 4504 ‘'im''
2126 4514 2127 4517 ,

390 4531 492 4590 quidem
502 4530 544 4578 dle
558 4530 705 4577 cautionem
715 4529 846 4589 interponi
859 4543 910 4575 uon
922 4529 1049 4591 debuisse,
1055 4529 1098 4577 sed
1110 4529 1170 4575 taisi
1183 4530 1234 4577 eri·
1268 4539 1334 4585 gart
1345 4524 1427 4582 tolet)
1438 4528 1521 4584 ipsun
1532 4528 1620 4573 'mitt'
1629 4527 1826 4585 adprooineiae
1838 4530 1999 4581 Praedium
2008 4528 2033 4569 'i
2040 4515 2086 4565 Μ’

390 4612 458 4660 meu,
469 4600 594 4656 quantum
603 4596 636 4644 sd
647 4611 700 4658 eos,
711 4598 753 4653 qui
764 4597 791 4642 in
803 4596 852 4643 hoc
862 4606 1064 4657 consenserant,
1076 4600 1234 4643 contractum
1262 4588 1321 4648 fide
1331 4593 1432 4638 tertioue
1443 4600 1597 4652 quaereret,
1618 4602 1645 4638 et
1653 4595 1705 4639 nist
1714 4596 1859 4653 inplesset,
1882 4595 1951 4657 quart
1958 4585 2086 4639 mantnt
2126 4586 2127 4619 i

391 4678 446 4712 aaa
456 4664 548 4726 sideri,
560 4676 637 4724 quum
649 4664 718 4709 inter
730 4669 875 4722 praesentes
886 4666 912 4710 et
923 4664 1107 4727 couvenientes
1119 4675 1160 4708 res
1169 4663 1234 4710 ucli-
1270 4658 1444 4717 relegarctur.
1481 4659 1505 4717 b.
1517 4660 1542 4702 t.
1560 4659 1670 4705 Gabinio
1681 4673 1782 4718 quoque
1791 4661 1908 4708 blasima
1920 4661 1983 4707 idem
1992 4654 2087 4729 prinei·

391 4734 447 4777 tsts
457 4731 501 4793 sit,
511 4730 641 4789 magisque
652 4731 762 4789 debitor,
774 4743 849 4787 quam
860 4729 973 4776 creditor
983 4730 1130 4786 deliquerit.
1270 4722 1298 4768 iu
1310 4723 1371 4769 baec
1384 4725 1460 4770 verba
1477 4723 1622 4783 rescripsit:
1643 4726 1704 4771 Atia
1720 4733 1760 4774 est
1773 4730 1927 4775 auotoritas
1939 4723 2088 4786 premiss
2126 4734 2127 4771 1

442 4799 485 4842 iv.
508 4798 608 4844 Caius
628 4797 695 4843 libro
711 4798 840 4857 singulari
855 4796 885 4841 de
896 4794 1019 4842 Famula
1035 4794 1234 4855 bppotleeearia.
1270 4792 1385 4847 tertium,
1406 4792 1462 4836 aliu
1472 4791 1687 4853 testimoniorum,
1709 4807 1776 4853 puae
1786 4795 1902 4840 recitari
1915 4794 2010 4847 solean
2026 4791 2089 4831 tect!
2126 4794 2127 4839 1

391 4863 423 4907 la
432 4874 462 4909 re
474 4862 631 4921 hypotheese
642 4863 746 4908 rromioe
757 4861 871 4921 obligata
881 4861 975 4907 adrem
988 4875 1039 4907 nou
1050 4861 1234 4921 pertinet,qui-
1270 4870 1330 4916 ergo
1353 4858 1481 4917 delibera,
1500 4864 1537 4919 ut,
1554 4859 1578 4904 si
1592 4860 1706 4905 retinere
1720 4874 1763 4907 eos
1779 4861 1859 4922 uelis,
1879 4860 1924 4907 det
1934 4861 1970 4906 eit
1979 4848 2088 4914 t'fflffi*

392 4928 440 4975 bus
449 4927 478 4973 tit
491 4928 584 4987 verbis,
595 4928 671 4974 sicuti
683 4934 722 4975 est
732 4929 759 4973 iu
772 4928 812 4974 his
822 4926 1033 4991 obligationibus,
1052 4940 1115 4984 qnae
1126 4940 1234 4974 coissen-
1270 4924 1293 4980 b·
1306 4926 1327 4967 5·
1340 4924 1408 4982 laege
1418 4924 1526 4971 iuliade
1538 4923 1563 4968 vi
1574 4929 1692 4986 tutetur,
1703 4939 1736 4972 nc
1746 4926 1793 4972 bac
1803 4925 1862 4984 leue
1872 4925 1902 4972 ia
1913 4938 1983 4973 reum
1993 4916 2089 4966 tillim·

392 5005 422 5040 sa
434 4995 633 5053 contentionum
654 5000 680 5041 et
691 4995 751 5042 ideo
762 4998 788 5041 et
797 4994 855 5039 sine
866 4993 994 5051 scriptura
1005 4994 1027 5039 si
1047 4995 1184 5048 eonrenit,
1206 4998 1235 5039 ut
1269 4987 1340 5034 niun·
1352 4991 1438 5037 dicere
1449 4991 1525 5037 liccat
1535 4989 1573 5048 ei,
1584 4991 1627 5049 qui
1638 5004 1666 5040 se
1676 4993 1707 5038 ab
1720 5006 1751 5039 eo
1761 4996 1906 5050 parenteve
1918 4992 1972 5038 eius
1982 4987 2089 5034 liberate·
2126 4996 2127 5027 ι

391 5060 550 5119 hypothecae
561 5060 603 5119 sit,
615 5065 640 5108 et
651 5062 754 5119 probari
765 5060 871 5120 poterit,
882 5072 924 5106 res
935 5062 1050 5119 obligata
1061 5061 1121 5121 erit,
1143 5060 1174 5107 de
1185 5052 1235 5117 quin
1269 5054 1319 5115 rii,
1341 5056 1417 5114 quite
1429 5057 1544 5115 impubes
1556 5058 1619 5117 crit,
1641 5059 1735 5118 quique
1745 5058 1842 5106 iudicio
1859 5058 1964 5118 publico
1980 5051 2090 5102 muti*

393 5125 554 5174 convenerit.
588 5126 665 5173 Fiunt
676 5129 744 5173 enim
755 5127 787 5174 de
797 5126 837 5172 bis
850 5126 1005 5183 scripturae,
1026 5131 1054 5173 ut
1065 5127 1133 5183 quod
1149 5132 1233 5174 actum
1269 5120 1334 5181 erit,
1356 5124 1398 5179 qui
1410 5138 1498 5170 eorum
1509 5123 1535 5168 in
1547 5123 1676 5184 integrum
1687 5125 1822 5173 restitutus
1834 5138 1890 5172 uon
1907 5124 1971 5186 erit,
1990 5118 2057 5180 quire
2070 5114 2090 5158 it

392 5195 432 5239 est
443 5206 488 5250 per
498 5204 541 5239 eas
551 5193 655 5239 lucilius
666 5192 768 5252 probari
780 5194 875 5253 possit3
896 5195 922 5238 et
935 5195 992 5240 siue
1002 5192 1042 5238 his
1052 5198 1136 5240 autem
1157 5193 1234 5255 ualet,
1270 5188 1381 5234 ibiculi·
1392 5190 1541 5233 custodiere
1552 5191 1653 5247 publiea
1664 5191 1723 5253 erit,
1734 5191 1809 5249 quive
1820 5194 1851 5239 sd
1863 5191 1972 5250 bestias,
1992 5189 2019 5232 ut
2029 5184 2090 5257 itti·

392 5261 460 5319 qaod
471 5260 556 5304 actum
567 5263 620 5320 est,
639 5261 661 5305 si
682 5262 771 5308 babeat
788 5259 980 5320 probationem,
1002 5259 1070 5306 sicut
1084 5264 1111 5308 et
1128 5259 1234 5318 nuptiae
1269 5257 1369 5315 guarel,
1383 5266 1409 5299 te
1421 5254 1555 5313 locuturil,
1575 5270 1672 5313 quaeue
1682 5258 1764 5316 palam
1776 5262 1909 5317 quaestum
1922 5256 2000 5304 iaciat
2009 5248 2092 5299 temni·

392 5327 463 5385 sunt,
474 5323 536 5370 lieet
548 5325 654 5372 testatio
665 5327 721 5372 sine
732 5326 836 5386 seriptis
847 5325 934 5372 babitu
945 5330 991 5372 est.
1270 5332 1318 5377 vc,
1339 5319 1415 5374 quire
1425 5320 1458 5363 ob
1469 5320 1643 5369 testimonium
1656 5323 1791 5371 dicendam
1801 5324 1844 5371 rel
1854 5337 1911 5370 uon
1922 5321 2048 5370 dicendum
2059 5324 2090 5370 lt·

442 5393 472 5438 V.
493 5389 797 5440 catttrtraeurtttro
811 5394 847 5439 ΙΙ.
858 5394 1052 5451 Quaestionum.
1070 5391 1098 5439 Si
1110 5404 1151 5437 res
1161 5395 1234 5449 gesta
1269 5382 1919 5441 ⁶¹¹⁰¹⁸m¹t⁰0⁰itflfltitttliutluttelwuvietuterit·
1939 5391 2002 5435 Nm
2012 5379 2091 5440 iiim
2126 5408 2127 5439 ι

392 5457 449 5504 sine
461 5457 607 5504 litterarum
618 5469 718 5517 quoque
729 5460 928 5519 consignatione
940 5457 1153 5505 ueritateiactum
1161 5470 1234 5504 suum
1270 5452 1375 5508 propter
1385 5449 1555 5500 reuerentiam
1566 5468 1743 5520 personarum,
1754 5456 1854 5515 qnidam
1866 5458 1977 5516 propter
1990 5447 2093 5499 tunnas

391 5525 522 5583 praebeat,
533 5533 587 5568 non
598 5521 657 5568 ideo
669 5524 752 5571 mitius
763 5527 873 5589 valebit,
884 5526 952 5583 qood
963 5525 1165 5572 instrumentum
1176 5523 1235 5568 nni-
1269 5512 1373 5562 contilii
1384 5515 1433 5574 tui,
1447 5514 1491 5585 aiii
1504 5530 1564 5565 sero
1574 5526 1682 5580 propter
1691 5527 1779 5569 notum
1790 5528 1815 5571 et
1826 5523 1963 5571 infamium
1974 5518 2038 5566 vitae
2048 5519 2093 5557 titt

391 5590 445 5637 lam
455 5591 487 5637 de
497 5601 528 5636 ea
542 5587 698 5636 intercessit.
1269 5579 1421 5626 admittendi
1433 5594 1486 5628 non
1496 5589 1555 5632 sont
1568 5589 1599 5633 od
1611 5588 1754 5637 testimonii
1765 5590 1847 5637 iidem.
1885 5591 1910 5648 ἦ.
1925 5593 1948 5635 o.
1960 5587 2045 5633 Teste·
2054 5584 2092 5650 ³⁰!
2126 5632 2127 5635 ,

441 5659 484 5702 vl.
505 5655 667 5713 Ulpianus
685 5656 754 5703 libro
773 5657 802 5704 l.
819 5662 857 5709 aet
872 5658 1001 5705 Edictum.
1036 5656 1064 5704 Sl
1085 5657 1117 5704 de
1140 5653 1234 5701 tabulis
1269 5650 1364 5691 temere
1375 5650 1497 5696 ‘litandi
1508 5659 1568 5699 suut
1577 5655 1741 5715 pertringam
1751 5656 1819 5717 iter,
1839 5657 1864 5702 et
1875 5654 1963 5702 multo
1973 5651 2095 5716 mansur
2126 5662 2127 5693 t

391 5722 539 5777 testamenti
551 5719 710 5779 deponendis
719 5728 810 5783 agutur
817 5760 826 5790 ,
847 5731 874 5773 et
885 5723 1031 5788 dubitetur,
1042 5723 1084 5771 eui
1095 5734 1139 5769 eus
1153 5721 1232 5780 depo·
1267 5713 1329 5759 litet
1339 5716 1463 5764 aromati
1475 5721 1535 5765 suut
1546 5733 1561 5768 a
1572 5721 1655 5782 signis
1666 5723 1709 5772 eei
1718 5722 1866 5772 maneribus
1874 5715 2031 5782 perhibendi
2037 5712 2094 5758 tesn-
