4354 6424
523 330 647 386 titur.
682 331 736 387 rt.
771 329 814 388 18.
849 331 912 386 bs
946 331 1178 393 polinicis
1213 333 1436 394 subiens.
1810 335 1847 394 id

30 504 31 543 ,
125 470 210 533 londo,
222 471 246 519 si
257 468 360 528 quidem
370 469 421 519 iste
431 471 527 519 tundus
538 472 670 522 eommode
675 472 793 534 regionis
803 472 959 520 divisionem

127 541 241 602 recipiet,
263 542 352 599 portes
363 540 420 586 eins
431 540 543 600 singulis
554 542 703 589 edindicsre
715 541 798 604 debet,
809 544 835 587 et
847 540 870 585 si
881 540 959 585 unius

127 621 182 668 pars
192 619 368 667 praegravare
380 608 524 669 rldebitur,
546 609 569 655 is
584 600 697 656 iuricesu
713 613 785 654 certe
799 607 909 666 pecunie
919 606 959 651 el-

127 675 172 723 teri
184 674 396 721 condemusndus
408 679 463 732 est,
489 676 581 732 quodsi
596 676 727 722 commode
743 674 824 721 dividi
835 688 888 720 non
900 685 959 732 pos-

127 743 166 803 sit,
186 742 230 788 rei
240 741 319 788 bomo
330 743 399 788 torte
411 745 456 788 sut
467 745 552 790 mulus
563 743 624 805 erit,
636 743 667 788 de
676 755 728 799 quo
739 745 826 788 sctum
836 742 880 803 sit,
898 746 961 786 tune

127 812 193 857 totus
205 808 252 854 uni
263 809 452 855 adiudicandus
467 814 522 872 est,
543 814 570 857 et
586 811 609 856 is
620 809 731 856 invicem
746 808 824 855 elteri
834 812 905 856 certe
916 821 960 866 pe·

30 864 31 879 ¹
128 876 432 926 runiscondesnnsudus.
469 878 492 936 d.
507 882 530 924 ti.
547 876 575 923 Si
585 876 676 923 finium
689 876 864 934 regundorum
875 881 961 920 actum

127 945 210 1004 luerit,
232 943 363 1001 dispicere
374 943 450 989 debet
462 944 557 1004 index,
578 957 612 989 su
623 942 771 989 uecessoris
781 943 817 988 sit
827 942 961 989 adiudics-

129 1013 174 1067 tio;
195 1024 263 1067 qnae
274 1023 339 1056 sane
350 1023 403 1055 uno
415 1023 476 1056 essu
488 1010 635 1057 necessaris
645 1014 701 1071 est,
721 1009 744 1055 si
755 1009 961 1056 evidentioribus

128 1078 213 1125 deibus
225 1077 355 1136 distingui
365 1090 444 1135 egros
455 1078 614 1127 commodius
625 1077 668 1135 sit,
687 1089 763 1134 quesn
773 1077 836 1123 olim
849 1076 962 1123 luissent

30 1190 32 1199 ,
129 1145 248 1193 distincti.
287 1146 353 1190 b'arn
372 1150 434 1190 tone
451 1158 558 1192 necesse
575 1148 630 1205 est,
652 1156 685 1190 ex
703 1144 814 1189 ulterius
826 1156 890 1203 agro
902 1155 962 1202 par-

129 1220 172 1261 teu
186 1213 305 1269 aliquam
321 1211 432 1269 elterins
448 1211 506 1270 agri
522 1212 627 1258 dosnno
645 1209 803 1269 sdiudicsri;
833 1224 883 1268 quo
900 1222 961 1257 casu

130 1279 282 1329 couveniens
294 1283 351 1341 est,
370 1282 399 1325 ut
410 1280 434 1325 is
443 1279 522 1327 elteri
533 1283 605 1326 certe
617 1277 729 1338 pecunia
740 1278 844 1324 debeat
866 1275 962 1321 coude-

129 1346 209 1391 tsseri.
218 1346 259 1391 iio
272 1359 377 1403 quoqne
387 1347 494 1394 nomine
510 1347 671 1393 dumnsudus
688 1348 728 1392 cst
741 1345 850 1403 quisque
859 1346 909 1392 boc
920 1347 962 1390 iu·

129 1415 202 1475 dicio,
221 1414 296 1470 quod
313 1414 384 1460 torte
401 1413 470 1460 eirca
488 1413 553 1461 tines
564 1413 664 1472 aliquid
680 1412 811 1459 malitiose
822 1412 961 1472 commisit,

129 1482 192 1528 serbi
203 1481 294 1540 gretia
313 1481 374 1537 quis
389 1480 489 1538 lapides
504 1481 595 1530 duoles
606 1482 709 1528 turstus
726 1483 780 1541 est,
802 1480 845 1527 rel
856 1480 962 1526 orbores

129 1549 208 1596 instes
224 1547 332 1594 cecidit.
369 1548 552 1596 contumaciae
567 1561 669 1609 quoquc
685 1546 791 1593 nomine
807 1547 915 1604 quisque
930 1559 962 1592 eo

131 1616 216 1662 iudicio
227 1614 437 1672 condemnetur,
460 1615 543 1661 ueluti
554 1617 577 1662 si
589 1617 655 1676 quis,
675 1614 782 1661 iubente
793 1613 888 1674 iudice,
908 1627 963 1659 sue-

132 1683 168 1728 tiri
177 1695 257 1741 sgros
275 1695 367 1738 passus
383 1695 436 1727 nou
448 1681 538 1728 luerit.
585 1685 646 1743 w.
659 1680 736 1734 duod
746 1682 833 1728 sutem
845 1681 904 1727 istis
922 1680 963 1726 iu-

132 1749 197 1795 diciis
212 1749 297 1795 elicui
308 1749 484 1796 adiudicatum
494 1749 537 1811 sit,
556 1749 583 1796 id
593 1748 682 1798 statim
692 1747 749 1796 eius
759 1746 797 1809 st,
810 1748 851 1795 cui
862 1746 963 1794 sdindi-

131 1820 204 1864 uss·
214 1820 266 1863 est.

409 1916 502 1976 ΤΙΤ.
543 1915 686 1977 lell.

296 1997 351 2046 ur.
379 2000 573 2049 ruunrcrs
604 2001 796 2048 runicus.

186 2082 298 2130 Publica
307 2084 407 2131 iudicis
418 2098 502 2142 neque
513 2099 560 2144 per
569 2085 687 2132 actiones
697 2084 862 2143 ordinentur,
880 2094 964 2138 neque

131 2152 228 2197 sucino
244 2151 386 2208 quidquem
396 2152 483 2200 sinito
493 2153 588 2200 hebent
606 2166 662 2200 eum
677 2152 771 2200 ceteris
789 2149 909 2209 iudiciis,
932 2148 963 2194 de

131 2216 212 2272 quibu
224 2217 311 2264 locuti
324 2232 422 2280 sumus,
444 2233 588 2279 magnaque
596 2220 735 2268 diversitas
745 2220 785 2265 est
795 2229 885 2265 eorum
895 2219 922 2262 et
935 2216 964 2261 in

131 2282 309 2347 instituendis,
331 2288 357 2333 et
367 2286 395 2332 in
407 2287 569 2334 exercendis.
606 2289 629 2349 ς,
644 2289 666 2333 l.
678 2286 785 2333 Publice
796 2289 882 2331 sutem
894 2284 964 2330 dicte

130 2356 192 2414 sunt,
213 2353 284 2409 quod
295 2353 381 2399 cuiris
399 2366 432 2400 ex
445 2356 543 2412 populo
556 2355 692 2402 exsecutio
710 2366 800 2401 eorum
812 2351 963 2410 plerumque

129 2417 203 2464 detur.
240 2421 267 2480 9.
278 2422 304 2465 2.
322 2420 489 2468 Publicornm
515 2420 672 2468 iudiciorum
695 2420 820 2479 quaedam
840 2418 963 2477 copitalia

129 2489 194 2537 sunt.
214 2485 341 2544 qusedsm
362 2500 418 2533 nou
439 2487 571 2547 capitalia.
608 2487 738 2547 Cepitslis
757 2486 876 2546 dicimus,
896 2498 962 2542 ques

131 2552 212 2598 ultimo
224 2552 358 2611 supplicio
370 2554 503 2617 sdlciuut,
525 2555 567 2601 sel
585 2568 667 2613 equse
677 2558 704 2601 et
714 2553 785 2613 ignis
795 2551 961 2601 interdictio·

130 2633 165 2677 ne,
185 2621 225 2666 rel
236 2620 432 2683 deportetione,
456 2621 497 2668 rel
508 2622 624 2669 metstlu.
659 2623 761 2681 cetere,
772 2619 794 2665 si
806 2631 881 2677 quem
893 2620 962 2665 iuis·

30 2706 31 2713 ο
129 2687 197 2733 uiam
207 2688 330 2747 irrogent
342 2701 403 2736 eum
411 2688 506 2736 domno
522 2689 692 2749 pecuniario,
711 2687 774 2735 baec
785 2685 891 2745 publice
906 2685 963 2743 qui-

128 2753 180 2799 dem
189 2759 263 2817 sunt,
281 2768 337 2802 uon
348 2760 437 2802 tssneu
449 2755 582 2815 capitulis.
613 2759 636 2816 ς.
649 2758 674 2804 8.
686 2754 795 2801 Publice
804 2756 890 2801 autern
902 2755 964 2799 sunt

127 2819 195 2868 baec:
214 2821 260 2870 lex
275 2822 343 2869 lulis
350 2823 509 2887 msieststis,
529 2835 595 2881 qrree
607 2821 634 2869 iu
645 2835 700 2887 cos,
722 2821 766 2880 qui
777 2824 870 2867 coutrs
880 2822 964 2880 irnpe-

127 2892 234 2935 retorem
246 2889 287 2936 rel
300 2889 487 2949 rempublicsm
497 2890 596 2948 aliquid
608 2889 693 2938 moliti
704 2892 781 2950 sunt,
801 2901 876 2934 suum
888 2888 963 2947 rigo-

126 2968 175 3001 rem
186 2956 317 3003 extendit.
358 2957 444 3004 liuius
455 2971 540 3016 poena
550 2958 652 3004 auimse
662 2955 831 3003 emissionem
840 2955 962 3016 sustinet,

125 3024 150 3066 et
159 3025 333 3071 memorisrci
343 3025 424 3072 etiam
438 3030 498 3084 post
515 3028 625 3072 mortens
641 3024 788 3071 damnatur.
826 3024 850 3081 d.
862 3025 886 3069 4.
898 3023 961 3069 ltens

124 3087 166 3134 lex
179 3091 250 3136 iulia
260 3092 291 3136 de
301 3092 436 3139 adulteriis
448 3092 599 3140 coercentis
612 3125 619 3154 ,
642 3104 708 3149 quse
719 3103 773 3137 uon
785 3091 870 3136 solnm
881 3093 961 3136 teme-

124 3157 226 3205 tutores
236 3157 378 3206 alieusrum
389 3160 541 3218 nuptiarum
551 3159 638 3219 gladio
651 3159 736 3221 punit,
758 3158 839 3204 sedet
850 3170 905 3219 eos,
917 3156 960 3213 qui

30 3226 31 3229 ’
124 3233 183 3269 eum
193 3223 318 3271 masculis
333 3226 466 3273 uehtsdam
486 3226 622 3273 libidinem
639 3224 879 3274 exercereuudent.
911 3222 961 3270 Sed

123 3290 213 3338 eadem
223 3291 285 3352 lege
295 3291 360 3338 lulis
370 3294 449 3341 etism
459 3293 545 3353 stupri
556 3294 682 3352 llogitium
694 3293 811 3355 punitur,
832 3305 890 3338 eum
902 3290 960 3348 quis

30 3384 31 3389 ,
123 3355 214 3404 sineri
227 3359 271 3405 vel
283 3359 426 3423 virgineus,
450 3363 491 3409 vel
511 3361 616 3408 viduam
630 3361 739 3408 honeste
757 3360 888 3405 visentem
903 3362 959 3404 stu-

122 3425 245 3481 prsserit.
281 3427 394 3475 Poeussu
405 3433 492 3476 sutem
502 3428 591 3477 eadem
601 3428 647 3476 lex
657 3429 758 3487 irroget
769 3426 957 3487 peccatoribus,

122 3489 143 3536 si
154 3492 258 3540 bonuti
268 3499 346 3557 suut,
368 3496 572 3555 publicationem
589 3495 672 3555 partis
687 3494 810 3542 dimidies
821 3493 957 3555 bonorum,

31 3564 32 3569 ’
123 3556 272 3623 siliumiles,
292 3560 860 3622 eorporiseodrcitionemcumrelegstioue.
895 3562 919 3620 ἦ.
934 3563 956 3606 5.

123 3624 180 3673 lien
190 3628 235 3678 lex
247 3630 373 3677 cornelia
382 3631 415 3677 de
425 3632 538 3694 sicoriis,
559 3643 625 3688 quse
636 3629 778 3678 homicidae
790 3627 876 3674 ultore
887 3628 957 3674 terro

123 3698 293 3759 mutim,
315 3698 358 3744 sel
378 3711 433 3759 eos,
454 3698 498 3757 qui
517 3697 632 3751 bominis
649 3695 784 3745 occidendi
802 3706 880 3741 csuss
901 3707 958 3740 cusu

123 3760 171 3806 telo
181 3764 326 3811 smbulssst.
360 3765 453 3813 Telum
471 3770 572 3828 eutem,
593 3769 623 3812 ut
634 3765 712 3812 Cuius
726 3766 817 3810 noster
834 3761 863 3807 irs
874 3761 957 3808 iuter-

122 3831 365 3891 pretationelegusu
383 3832 521 3882 duodecim
539 3834 686 3881 tabulsrum
703 3830 828 3890 seriptum
839 3828 956 3889 reliquit,

123 3896 196 3956 rutgo
206 3899 313 3957 quidem
324 3899 352 3945 id
363 3900 530 3962 appelletur,
554 3902 623 3959 quod
639 3901 670 3947 sb
682 3911 743 3946 srcu
756 3896 890 3961 mittitur,
912 3896 957 3943 sed

122 3967 146 4007 et
155 3977 226 4013 osone
238 3966 415 4029 significatur,
436 3968 505 4023 quod
517 3982 593 4016 mersu
605 3968 738 4015 euinsdsm
749 3964 872 4013 mittitur.
909 3964 957 4010 Se-

121 4031 202 4086 quitur
211 4048 276 4094 ergo
288 4069 296 4095 ,
321 4037 350 4079 nt
361 4033 447 4094 lupis,
467 4036 493 4082 et
504 4036 619 4099 lignum,
641 4039 667 4082 et
678 4035 775 4080 terrum
791 4033 841 4093 ispe
850 4030 957 4078 nomine

121 4099 292 4162 eontinentur,
313 4099 463 4158 dictumque
474 4104 506 4150 ub
517 4115 559 4166 eo,
570 4102 639 4162 quod
651 4102 679 4149 ln
690 4099 862 4159 longinquum
873 4097 956 4145 mitti-

122 4166 173 4227 tur,
192 4182 209 4215 s
218 4182 314 4228 greces
324 4180 407 4231 voce,
427 4161 478 4214 dut
489 4167 539 4216 τοῦ
551 4167 648 4231 inicit,
665 4171 691 4217 et
701 4168 768 4215 lssne
783 4166 957 4227 significatio-

122 4244 173 4281 sess
184 4235 309 4284 iuvenire
327 4248 466 4295 possumus
478 4241 505 4285 et
515 4237 543 4284 in
555 4249 648 4298 graeco
659 4235 774 4283 nomine.
812 4236 878 4282 Num
888 4232 957 4293 quod

121 4311 164 4346 uos
172 4303 252 4351 telum
263 4302 437 4365 appellamus,
460 4304 502 4351 illi
512 4302 588 4365 βέλος
597 4304 747 4366 appellent,
768 4296 819 4349 siud
833 4299 883 4349 τοῦ
892 4296 957 4364 βάλ-

121 4361 218 4416 ὶιοθοι.
268 4371 401 4418 Admonet
413 4383 463 4416 uos
473 4370 635 4434 Xenophon,
659 4385 718 4419 nasu
734 4370 773 4418 its
789 4369 893 4418 scribit:
914 4366 957 4415 sul

1012 486 1071 524 croi
1083 474 1112 524 di
1127 474 1169 522 καὶ
1185 474 1261 524 λίθοι
1272 476 1306 537 ·).
1343 475 1437 525 sicorii
1457 475 1544 524 sutem
1562 476 1728 535 appellentur
1745 488 1763 524 s
1783 476 1846 541 sies,

1013 546 1082 601 quod
1092 544 1222 604 significet
1234 547 1346 592 terrenus
1365 545 1486 591 cultrum.
1517 543 1614 591 lisdem
1626 544 1687 603 lege
1702 548 1728 592 et
1739 544 1847 592 venetici

1013 612 1098 670 esplte
1110 612 1274 675 dsmuantur,
1295 612 1339 670 qui
1350 612 1450 657 artibus
1460 610 1568 673 odiosis,
1580 615 1632 658 tsm
1645 612 1846 673 necunquam

1013 678 1130 724 susurris
1147 679 1265 739 magicis,
1285 679 1403 726 homiues
1418 677 1571 740 occiderint,
1593 678 1635 725 vei
1652 680 1722 725 mals
1737 679 1849 726 medies·

1014 748 1101 791 menta
1115 745 1218 802 publice
1230 745 1403 792 vendiderint.
1435 746 1457 804 β.
1471 749 1494 791 o.
1506 745 1566 792 Alie
1576 744 1669 793 deinde
1681 746 1723 793 lex
1736 743 1849 805 asperri-

1014 825 1083 859 mum
1098 811 1195 858 crimen
1212 825 1280 858 nors
1296 824 1380 870 pocus
1396 810 1574 875 persequitur,
1597 826 1663 869 quse
1680 812 1803 872 Pompeia
1818 812 1850 858 de

1014 878 1162 937 parricidiis
1175 882 1297 935 rocstur3
1317 891 1367 935 qua
1378 882 1493 939 curetur,
1514 881 1553 940 ut,
1565 879 1655 936 siquis
1666 879 1792 941 parentis,
1804 881 1850 924 aut

1013 945 1073 1007 iiiii,
1091 949 1135 991 aut
1146 947 1253 991 omnino
1264 945 1412 992 erectionis
1423 945 1490 1007 eius,
1503 958 1569 1002 quse
1580 946 1777 1005 nuncupatione
1790 958 1849 1004 pur·

1014 1012 1100 1058 ricidii
1114 1013 1273 1072 continetur,
1295 1013 1349 1058 lete
1360 1011 1552 1073 properaverit,
1575 1013 1631 1060 siue
1642 1014 1715 1075 elem,
1737 1015 1793 1060 sire
1804 1025 1849 1071 ps-

1014 1080 1066 1126 lsm
1077 1079 1104 1124 id
1114 1092 1192 1125 ausus
1203 1079 1291 1139 inerit,
1313 1092 1361 1125 nee
1372 1092 1425 1124 uon
1435 1079 1467 1139 is,
1479 1079 1553 1124 euius
1564 1080 1624 1126 dolo
1636 1080 1705 1126 mulo
1716 1081 1742 1127 id
1754 1082 1850 1127 [sctum

1015 1149 1063 1207 est,
1086 1146 1126 1192 sel
1138 1147 1258 1193 conscius
1279 1146 1395 1191 criminis
1416 1146 1539 1206 exsistit,
1560 1146 1622 1193 lieet
1643 1149 1784 1196 estreueus
1804 1147 1849 1209 sit,

1014 1226 1097 1273 poene
1115 1213 1250 1271 parricidii
1268 1212 1407 1276 puniatur,
1428 1216 1454 1260 et
1466 1226 1552 1269 neque
1562 1210 1665 1274 gladio,
1686 1227 1769 1272 neque
1780 1215 1850 1275 igui-

1015 1280 1076 1341 bus,
1098 1293 1182 1336 neque
1193 1280 1248 1325 ulls
1258 1279 1310 1326 alia
1320 1279 1426 1325 solenni
1439 1293 1523 1338 poena
1535 1279 1701 1343 subiiciatur,
1721 1283 1766 1329 sed
1777 1283 1850 1329 iusu-

1015 1350 1058 1393 tus
1066 1346 1141 1395 culeo
1153 1361 1208 1394 cnm
1220 1360 1293 1407 enne,
1315 1350 1342 1393 ct
1352 1347 1422 1405 gallo
1434 1347 1594 1409 gallinaceo,
1616 1349 1642 1393 et
1653 1347 1756 1413 vipers,
1777 1353 1803 1396 et
1813 1350 1850 1396 si-

1014 1415 1080 1473 mia,
1102 1417 1128 1460 et
1141 1414 1212 1461 iuter
1222 1426 1265 1460 eas
1282 1413 1376 1460 ferales
1387 1414 1522 1473 sngustiss
1533 1414 1746 1475 comprehensus,
1757 1428 1850 1464 seeun-

1015 1483 1075 1528 dum
1087 1482 1156 1538 quod
1166 1481 1284 1539 regionis
1294 1480 1407 1537 qusiites
1425 1482 1531 1541 tulerit,
1553 1481 1594 1527 vel
1606 1481 1633 1526 iu
1644 1481 1760 1528 vicinum
1770 1496 1850 1544 mare,

1017 1548 1058 1595 vei
1068 1548 1097 1593 in
1113 1561 1213 1594 emnem
1228 1547 1396 1609 prolicietur,
1418 1551 1447 1595 ut
1463 1547 1578 1594 omnium
1594 1547 1783 1596 elementorum
1800 1562 1850 1596 usu

1016 1617 1091 1662 virus
1101 1628 1188 1665 cerere
1198 1614 1317 1676 incipiet,
1329 1614 1390 1661 etei
1402 1615 1499 1661 caelum
1510 1614 1653 1676 superstiti,
1665 1620 1690 1662 et
1702 1620 1772 1663 terre
1782 1631 1850 1664 mor·

1017 1686 1062 1729 tno
1073 1683 1215 1728 auferetur.
1247 1682 1276 1727 Si
1288 1681 1346 1738 quis
1364 1683 1450 1729 sotem
1461 1681 1527 1729 elius
1542 1682 1698 1741 cognutione
1715 1683 1756 1729 rel
1768 1684 1851 1729 slltnl-

1017 1752 1070 1796 tete
1083 1762 1207 1808 personss
1218 1747 1372 1795 coniunctus
1385 1751 1532 1812 uecsserit,
1553 1762 1663 1808 poenum
1675 1749 1741 1808 legis
1752 1750 1851 1797 Corne-

1017 1819 1068 1864 liue
1079 1818 1110 1863 de
1121 1816 1223 1862 sicariis
1233 1816 1382 1864 sustinebit.
1414 1817 1437 1875 β.
1450 1818 1475 1861 t.
1488 1818 1552 1864 ltem
1568 1816 1612 1864 lex
1624 1816 1747 1863 Cornelis
1758 1816 1790 1865 de
1801 1817 1851 1864 iel-

1016 1884 1061 1943 sis,
1083 1894 1148 1941 quse
1158 1883 1237 1929 ctiam
1248 1882 1444 1930 testamentario
1454 1888 1573 1940 vocetur,
1586 1897 1694 1942 poenum
1705 1885 1805 1942 irroget
1817 1884 1852 1946 ei,

1016 1952 1058 2009 qni
1071 1954 1253 1998 testomentum
1269 1951 1311 1998 vei
1326 1950 1398 1997 eliud
1416 1949 1616 1998 instrumentum
1632 1950 1725 1998 lslsum
1740 1951 1853 2010 scripse·
1938 1974 1943 1984 ·

1017 2019 1071 2080 rit,
1092 2018 1255 2079 signaverit,
1277 2017 1446 2079 recitaverit,
1468 2018 1626 2079 subiecerit,
1647 2017 1724 2075 quire
1749 2017 1853 2077 signum

1016 2086 1193 2134 adulterinum
1203 2084 1453 2148 teeerigsculpserlt,
1461 2082 1619 2147 expresserit
1630 2086 1715 2132 sciens
1727 2086 1788 2132 dolo
1798 2099 1853 2132 mu-

1016 2154 1052 2200 to.
1083 2154 1197 2209 Eiusque
1219 2152 1285 2212 legis
1304 2165 1387 2212 poene
1402 2152 1430 2199 in
1448 2165 1538 2201 servos
1556 2154 1675 2200 ultimum
1697 2153 1852 2212 supplicium

1016 2227 1065 2283 est,
1086 2218 1257 2281 (quodetiam
1271 2220 1298 2265 in
1311 2220 1368 2278 lege
1381 2218 1412 2266 de
1423 2219 1525 2268 sicariis
1541 2225 1568 2269 et
1585 2220 1706 2267 veneticis
1719 2221 1853 2279 servatur)

1017 2289 1044 2334 in
1056 2289 1153 2334 liberos
1164 2300 1227 2335 sero
1238 2286 1394 2347 deportetio.
1425 2288 1448 2346 9.
1460 2292 1484 2334 8.
1498 2290 1563 2335 item
1577 2289 1621 2334 lex
1638 2288 1706 2333 lulic
1722 2287 1754 2334 de
1768 2287 1791 2333 si
1804 2302 1852 2347 pu-

1017 2356 1085 2401 blice
1101 2368 1146 2402 seu
1164 2355 1266 2415 privetu
1279 2354 1404 2400 adversus
1421 2367 1467 2400 eos
1483 2355 1617 2415 esuritur,
1638 2354 1681 2411 qui
1694 2355 1745 2400 rim
1757 2355 1798 2400 rel
1809 2368 1853 2401 ur-

1016 2429 1118 2482 suetsm,
1131 2424 1173 2469 rel
1184 2421 1241 2468 sine
1251 2421 1330 2468 ermis
1342 2420 1526 2469 commiserint.
1557 2421 1608 2469 Sed
1619 2421 1640 2466 si
1653 2421 1756 2478 quidem
1766 2435 1852 2468 scrua-

1017 2494 1043 2536 ts
1054 2491 1093 2536 ris
1103 2490 1284 2551 redarguatur,
1298 2488 1447 2546 deportatio
1458 2489 1483 2535 ei
1495 2503 1526 2537 ex
1540 2490 1598 2550 lege
1609 2488 1676 2535 lullo
1686 2489 1717 2535 de
1728 2489 1755 2534 si
1767 2484 1852 2548 publi·

1016 2571 1045 2605 cs
1055 2558 1202 2616 irrogatur;
1225 2554 1320 2603 sivero
1333 2557 1390 2603 siue
1399 2556 1487 2617 arsula,
1507 2557 1534 2603 in
1547 2556 1649 2604 tertium
1660 2560 1758 2616 purtem
1770 2557 1853 2602 bono-

1015 2637 1072 2671 rum
1084 2624 1228 2683 publicatio
1239 2622 1391 2682 imponitur.
1421 2624 1468 2670 Sin
1480 2628 1565 2670 sutem
1576 2637 1621 2684 per
1632 2623 1683 2669 vim
1696 2626 1786 2683 ruptus
1798 2624 1852 2671 vir-

1015 2692 1099 2752 ginis,
1121 2691 1163 2738 rel
1174 2691 1282 2751 viduae,
1304 2691 1346 2738 rel
1356 2689 1578 2753 sanctimonialis,
1599 2690 1642 2736 rel
1652 2690 1761 2737 ulterius
1773 2692 1852 2738 tuerit

1016 2762 1196 2820 perpetratus,
1216 2763 1280 2805 tune
1292 2762 1319 2806 et
1329 2760 1494 2821 peccotores,
1516 2758 1587 2821 etii,
1610 2756 1653 2815 qui
1665 2770 1740 2817 opem
1750 2759 1851 2818 flagitio

1015 2825 1158 2888 dederunt,
1179 2825 1263 2885 eapite
1279 2826 1425 2884 puniuntur
1442 2826 1582 2872 secundum
1600 2827 1705 2872 nostres
1722 2827 1852 2872 constitu.

1016 2894 1098 2941 tionis
1110 2892 1303 2953 definitionem,
1323 2906 1356 2940 er
1376 2906 1425 2951 qua
1436 2893 1486 2940 hoc
1503 2893 1617 2953 apertius
1629 2896 1669 2941 est
1683 2896 1759 2939 scire.
1788 2896 1812 2953 ς.
1825 2896 1850 2940 o.

1014 2961 1079 3009 item
1091 2961 1134 3007 lex
1147 2959 1215 3005 inliu
1224 2961 1358 3018 peculatus
1369 2973 1414 3007 eos
1427 2960 1517 3021 punit,
1545 2961 1588 3016 qui
1600 2961 1734 3019 pecuniam
1744 2962 1786 3008 rel
1797 2974 1851 3008 reus

1012 3028 1156 3088 pubiicum,
1175 3027 1218 3072 vet
1227 3040 1342 3087 socrant,
1355 3029 1396 3073 rel
1407 3026 1559 3085 religiosum
1569 3027 1649 3073 lnrsti
1661 3027 1768 3074 tuerint.
1799 3027 1849 3073 Sed

1014 3097 1036 3141 si
1047 3094 1149 3151 quidem
1160 3094 1210 3151 ipsi
1230 3095 1327 3140 iudices
1346 3100 1461 3152 tempore
1479 3093 1716 3140 sdministrutionis
1733 3093 1849 3151 publicss

1014 3161 1136 3223 pernities
1154 3160 1351 3222 subtraxerint,
1373 3159 1478 3219 capitali
1495 3160 1720 3206 animaduersione
1737 3159 1849 3217 punian-

1014 3234 1072 3288 tur,
1094 3231 1121 3275 et
1132 3241 1186 3274 non
1203 3227 1287 3277 solum
1304 3226 1346 3289 bi,
1365 3227 1410 3273 sed
1425 3226 1504 3272 etism
1522 3226 1565 3284 qui
1584 3226 1756 3273 ministerium
1768 3226 1806 3272 eis
1817 3224 1848 3270 ud

1013 3297 1062 3344 hoc
1072 3294 1256 3357 exhibuerint,
1277 3294 1320 3341 rel
1331 3294 1375 3351 qni
1386 3294 1532 3341 subtractas
1544 3294 1574 3339 sb
1585 3294 1627 3340 liis
1638 3294 1750 3339 scientes
1761 3306 1848 3338 snsce-

1012 3364 1108 3422 perint.
1138 3362 1191 3409 Alii
1204 3375 1280 3422 vero,
1300 3361 1345 3418 qui
1362 3361 1389 3407 in
1405 3362 1472 3408 bunc
1488 3360 1573 3416 legem
1591 3360 1746 3417 inciderint,
1766 3372 1850 3418 poene

1013 3428 1205 3491 deportetionis
1217 3428 1398 3487 subiugsntur.
1430 3429 1453 3487 d.
1467 3430 1506 3474 ld.
1519 3429 1566 3473 Est
1578 3431 1605 3475 et
1616 3428 1686 3474 iuter
1696 3427 1798 3487 publicu
1809 3427 1850 3472 in·

1012 3498 1133 3546 dicis-lex
1144 3497 1225 3543 Fubis
1236 3497 1267 3542 de
1284 3495 1435 3555 plsgisriis,
1456 3507 1521 3551 quae
1538 3495 1667 3542 interdum
1686 3494 1777 3553 cupitis
1789 3506 1850 3552 poe-

1012 3578 1070 3612 nam
1082 3579 1114 3613 ex
1126 3564 1208 3611 sceris
1218 3563 1450 3612 constitutionibus
1460 3562 1567 3621 irroget,
1576 3563 1703 3609 interdum
1714 3561 1849 3608 leniorem.

1011 3636 1034 3693 p.
1050 3635 1088 3680 ll.
1101 3635 1168 3679 Sunt
1180 3636 1314 3690 prsetereu
1331 3630 1435 3691 publicu
1451 3629 1549 3676 iudicio
1562 3630 1605 3677 lex
1624 3628 1690 3675 iulia
1701 3629 1734 3676 de
1743 3630 1849 3690 ambitu,

1011 3700 1136 3747 leudulis
1156 3699 1367 3760 repetundorum,
1389 3700 1415 3745 et
1433 3697 1476 3743 lex
1495 3697 1562 3744 lulis
1579 3698 1610 3744 de
1625 3710 1740 3757 etinons,
1761 3699 1787 3743 et
1804 3697 1849 3744 lex

1012 3767 1079 3813 lutis
1089 3768 1120 3814 do
1131 3765 1262 3826 residuis,
1285 3779 1350 3822 quse
1370 3765 1401 3811 de
1413 3763 1492 3810 certis
1507 3765 1630 3823 capitulio
1640 3765 1803 3823 loquuntur,
1823 3767 1850 3811 et
1887 3782 1892 3797 ·

1010 3835 1112 3881 enimse
1124 3835 1228 3893 quidem
1238 3832 1404 3879 emissionem
1415 3844 1468 3876 uon
1480 3831 1608 3893 irrogent,
1619 3830 1679 3877 eliis
1690 3836 1776 3877 entem
1787 3844 1850 3889 poe-

1010 3902 1052 3948 nis
1062 3914 1107 3948 eos
1119 3901 1273 3961 subiiciunt,
1295 3899 1338 3959 qui
1351 3902 1489 3958 prseeepta
1499 3911 1587 3945 eurum
1599 3898 1776 3956 neglexerint.
1800 3897 1852 3945 Sed

1010 3971 1041 4017 de
1052 3968 1164 4028 publicis
1182 3967 1287 4015 iudiciis
1304 3968 1366 4014 bueo
1383 3965 1569 4026 exposuimus,
1592 3969 1619 4012 nt
1636 3967 1710 4011 vobis
1727 3965 1850 4025 possibile

1010 4037 1054 4096 sit,
1076 4048 1176 4083 summo
1189 4035 1282 4095 digito,
1293 4038 1319 4081 et
1330 4034 1405 4093 quusi
1416 4048 1463 4092 per
1472 4032 1583 4081 iudicem
1595 4047 1626 4080 es
1637 4034 1771 4092 tetigisse,
1784 4033 1850 4078 ulio-

1009 4105 1073 4167 quin
1084 4103 1240 4164 diligentior
1250 4114 1342 4148 eorum
1353 4101 1463 4147 scientie
1480 4100 1553 4146 vobis
1569 4114 1601 4147 ex
1622 4100 1759 4147 latioribus
1770 4098 1851 4158 Dige-

1010 4177 1111 4220 storum
1131 4185 1177 4219 seu
1198 4169 1385 4217 Psudsetarum
1404 4167 1479 4215 libris
1501 4167 1549 4214 deo
1570 4168 1685 4227 propitio
1706 4167 1852 4216 sdteuturs

1010 4244 1059 4291 est.

1039 4386 1060 4441 ·)
1075 4384 1108 4430 Et
1118 4381 1253 4427 leiusmsrli
1262 4383 1309 4425 tria
1317 4379 1424 4422 simulsb
1436 4378 1623 4438 erasmianam,
1635 4379 1850 4438 tsseewps'wlu.

120 4426 148 4479 ’ἃ
156 4433 215 4503 imp
227 4429 301 4506 ὅμοῦ
310 4432 530 4507 drepanium,
548 4434 707 4504 ιοξεὺματο,
724 4430 871 4501 opssdo'rus,
887 4433 957 4484 nisi·
996 4442 1115 4503 ‚sesclae
1124 4438 1229 4499 plutini
1239 4443 1318 4482 notens
1327 4442 1349 4480 st
1358 4434 1457 4492 lapides
