4330 6424
327 310 384 368 484
757 305 840 360 ulti.
868 304 1002 362 XXXV.
1028 308 1055 362 2
1101 308 1154 363 ‚tu
1191 304 1340 361 LEGEM
1375 298 1628 358 Fructulus.
1659 374 1664 385 θ

331 466 417 502 emere
428 451 514 498 iussas
525 450 595 496 certo
607 445 692 505 pretio
710 443 818 494 turudum
830 448 942 496 aliamve
961 449 1107 509 quampiam
1117 462 1182 505 ren,
1217 447 1336 495 heredem
1346 445 1453 493 transit.
1489 443 1716 494 lt'eccaatrariusa
1736 445 1785 507 eat,
1805 442 1875 505 qued
1897 441 2001 492 virente
2018 457 2054 492 ree

330 524 358 571 in
371 518 436 579 legis
447 517 577 565 Falcidiae
596 515 715 573 ratione,
735 529 811 571 quum
823 522 947 573 quantum
963 518 999 563 sit
1015 518 1130 576 legatam
1141 531 1182 564 re·
1217 530 1248 563 eo
1261 516 1346 562 miuus
1356 514 1384 561 in
1396 513 1472 561 bouis
1484 512 1542 561 eius
1553 513 1766 572 intelligebatur3
1776 527 1836 558 aa·
1847 513 1899 565 etsi
1911 512 1951 558 ita
1959 514 2055 572 stipala-

331 590 460 650 quiratur,
481 582 874 644 tantameorramineinducet,
896 585 1182 644 quantoplnrisrnino-
1216 585 1346 643 tusesset,
1368 585 1403 644 ut,
1426 593 1501 641 quum
1511 586 1666 639 moreretur,
1687 580 1962 637 deberieiiacipcret,
1983 587 2056 627 tarsea

330 659 402 704 risve
413 654 447 702 ait
459 666 501 700 res
512 667 540 700 ea
553 651 714 711 quantitate,
736 664 870 708 quamquo
884 653 969 710 pretio
981 657 1092 700 testator
1101 652 1182 712 accipi
1217 654 1377 711 augerentur
1398 648 1540 709 bonseias,
1560 649 1773 707 quemadmodum
1794 648 1817 693 si
1838 648 1894 707 ipse
1916 648 1964 693 aab
1982 649 2056 694 eaieu

332 724 422 772 darive
434 722 524 779 insuit,
540 720 584 765 aed
596 718 619 765 ei
632 717 731 776 quidem
745 718 871 779 portioni,
884 733 949 776 quae
960 720 1054 779 legatie
1065 720 1183 767 deductis
1217 720 1369 767 conditione
1379 716 1549 778 promisisset,
1558 718 1681 764 octonem
1692 729 1725 762 eo
1734 716 1926 763 niaeerutur.
1943 716 1969 774 ς.
1983 718 2004 761 ι.
2014 715 2056 761 lte

331 792 451 839 iacienda
461 789 522 847 erit,
542 786 652 845 amplius
663 785 819 847 deducetur,
843 787 1184 847 quippenonuastricaasa
1218 783 1741 845 norariaeqaaqueactiones,quaeintra
1751 782 2057 841 cenante-passm-

332 859 388 919 capi
401 858 427 904 id
438 857 563 915 pretium,
585 854 628 899 aed
641 865 671 899 ea
684 852 792 899 deducto
805 854 917 911 pretium
930 856 1058 913 reliquam
1068 856 1182 914 legatum
1218 859 1275 902 tore
1286 854 1484 914 promittuntur,
1492 866 1547 898 cam
1558 852 1635 900 bonis
1646 850 1886 914 aetaris‚detuucto
1896 862 2059 908 eo,aug·ea-

332 940 390 974 esse
401 925 564 971 intellectum
576 926 623 967 eat.
637 921 658 978 d.
679 922 703 965 2.
716 920 812 966 Rursus
824 923 964 980 diligenter
976 924 1182 971 animads'ertcn-
1219 928 1272 969 tam
1282 923 1321 969 rei
1334 921 1552 985 decessionemue,
1570 920 1593 966 si
1605 919 1673 966 tales
1683 922 1776 980 eruat,
1795 922 1824 965 ut
1835 919 1864 965 ia
1874 918 1997 965 herede·
2007 931 2058 975 qao·

332 995 389 1041 dum
401 997 451 1052 est,
463 1005 503 1052 ne,
514 990 581 1049 quod
592 986 694 1046 dicitur,
711 986 803 1034 damna
815 996 873 1049 poet
885 994 991 1037 mortem
1003 991 1137 1039 testatoris
1150 991 1183 1035 il·
1218 989 1609 1050 quetranseant,praestabont.
1641 989 1702 1047 Μ.
1715 986 1833 1032 lulianus
1843 986 1953 1035 scribit:
1971 984 2058 1032 sictri-

332 1061 386 1107 lata
397 1063 427 1107 ad
439 1060 522 1106 solam
533 1058 651 1103 heredem
663 1054 806 1116 respicere,
829 1070 1008 1117 usquequaque
1025 1064 1051 1105 ct
1061 1059 1119 1105 aine
1130 1058 1184 1105 ulla
1220 1071 1298 1116 aeque
1307 1057 1409 1104 heredia
1420 1068 1480 1115 pars
1491 1055 1619 1101 exhausta
1630 1055 1664 1101 sit
1674 1054 1778 1116 legatis,
1797 1058 1824 1100 et
1835 1055 1905 1102 alter
1915 1066 1950 1100 ex
1971 1052 2059 1100 heredi

333 1128 504 1175 distinctione
515 1124 666 1183 recipiatur.
685 1122 761 1175 Quod
772 1126 841 1172 enirn
851 1131 952 1172 remota
962 1126 1020 1185 lege
1030 1125 1146 1172 Falcidia
1156 1125 1183 1170 ia
1218 1127 1264 1172 bns
1276 1125 1423 1171 cautionem
1434 1123 1594 1181 praetoriana
1604 1122 1732 1180 acceperit
1743 1135 1760 1168 a
1779 1121 1934 1181 legatariia,
1953 1134 2007 1166 aea
2023 1134 2059 1168 ae·

334 1190 1183 1253 totumiuriatoret,hacidemioretineaparte‚qnaelegel·'al-
1218 1193 1339 1253 qualiter,
1363 1193 1525 1248 sedprosuo
1549 1190 1625 1237 modo
1645 1189 1712 1248 legis
1731 1188 1866 1236 Falcidiae
1884 1189 2019 1247 rationem,
2036 1190 2059 1235 et

333 1264 401 1311 cidia
411 1263 632 1315 constitueretur,
653 1257 703 1302 hoc
719 1260 787 1306 enirn
804 1262 898 1307 attinet
909 1261 1001 1308 damna
1011 1266 1101 1321 postea
1117 1261 1185 1306 facta
1219 1260 1348 1308 actionem
1359 1273 1394 1307 ex
1406 1258 1532 1318 stipulatu
1547 1257 1710 1315 habitururn,
1730 1269 1822 1304 omnes
1838 1257 1911 1304 eninr
1928 1256 2060 1315 praetorias

333 1346 387 1380 non
398 1330 503 1391 deduci,
525 1343 557 1374 ne
568 1328 655 1373 amota
666 1328 753 1382 portio
764 1328 858 1385 legatis
876 1328 970 1376 tideive
986 1328 1129 1376 commissis
1140 1328 1185 1373 de·
1219 1327 1403 1387 stipulationes
1413 1326 1529 1373 eiusdem
1539 1324 1765 1384 interpretationis
1775 1337 1851 1383 esse,
1871 1337 1931 1371 aa·
1943 1328 2060 1383 constare,

334 1399 462 1447 trahatur.
498 1397 824 1456 §.hh'ernmestauterm
843 1396 966 1457 bisaolis,
985 1397 1184 1456 qnaepoadere,
1219 1410 1251 1442 ex
1263 1396 1403 1442 iudicatum
1413 1394 1481 1441 solri
1492 1393 1672 1451 stipulatione,
1692 1394 1859 1452 sireaparte
1879 1393 1997 1453 setosis,
2014 1391 2060 1438 sire

335 1480 455 1527 numero,
467 1477 586 1512 merrsura
596 1465 730 1519 constant,
747 1477 794 1509 nec
805 1464 898 1510 damno
910 1468 1000 1523 postea
1010 1465 1141 1512 incidente
1152 1476 1183 1508 ex
1220 1478 1236 1510 a
1248 1464 1287 1510 rei
1300 1464 1388 1523 plures
1400 1462 1506 1509 heredes
1517 1461 1692 1524 exstitissent,
1703 1474 1758 1507 non
1768 1461 1898 1521 omuibus,
1921 1473 1973 1507 uec
1982 1459 2060 1505 adrer-

335 1534 467 1596 portloue,
479 1546 543 1590 quae
555 1529 611 1576 lieri
624 1528 693 1575 salet
701 1532 731 1577 ad
739 1531 948 1579 aestimationem
954 1534 1186 1593 eoramboaorum,
1219 1544 1262 1578 sus
1274 1545 1364 1579 omnes
1372 1529 1501 1577 actionem
1512 1530 1674 1591 contingere,
1694 1529 1740 1576 sed
1750 1529 1880 1575 duntaxat
1900 1527 1954 1583 hia,
1972 1527 2015 1586 qni
2029 1527 2060 1572 ri·

334 1617 399 1660 qnae
409 1601 502 1649 martia
515 1605 631 1657 tempore
642 1597 757 1660 luerunt,
768 1599 905 1657 quidquam
918 1600 1027 1648 detrahi.
1051 1602 1074 1659 p.
1088 1603 1111 1647 4.
1124 1601 1186 1645 Cer·
1220 1599 1326 1656 cissent,
1338 1600 1461 1646 adversus
1474 1596 1567 1661 victos,
1578 1598 1679 1658 hisque,
1699 1598 1823 1644 adversm
1833 1608 1899 1656 quos
1909 1608 1956 1642 res
1966 1595 2061 1642 detensa

337 1662 1185 1730 tisuerocorporibut,ethisipaieitarelietiszpecuaiaac,qaam
1220 1681 1273 1715 non
1285 1670 1363 1729 esset,
1384 1663 1507 1712 adversus
1520 1679 1573 1728 eos,
1594 1665 1637 1724 qui
1648 1678 1702 1712 rem
1713 1677 1766 1710 nou
1777 1662 1968 1712 delendissent.
2004 1663 2059 1722 Η

336 1739 422 1784 inille
434 1750 512 1795 orca,
523 1737 616 1789 riuum,
628 1735 878 1795 qaodiniiiiadoiiir,
888 1736 988 1795 pondua
996 1737 1104 1797 argente]
1119 1734 1187 1796 prod
1220 1738 1321 1795 Annua,
1331 1733 1407 1796 bima,
1421 1732 1498 1781 trima
1509 1733 1551 1781 die
1561 1733 1647 1780 aureis
1658 1733 1776 1780 centenis
1785 1731 1893 1791 legatis,
1904 1745 1939 1778 ex
1952 1730 2060 1777 osaaibss

335 1808 363 1852 in
373 1805 425 1853 iilic
435 1804 538 1851 horreis
548 1801 647 1864 habco,
666 1802 687 1847 si
700 1802 755 1849 aine
767 1803 841 1861 culpa
852 1803 953 1850 heredis
964 1804 1130 1863 deperierunt
1143 1801 1184 1848 rel
1220 1803 1334 1863 cummis,
1346 1815 1399 1849 uon
1410 1804 1509 1848 tantum
1522 1815 1556 1849 ex
1566 1799 1762 1861 posterioribus,
1773 1799 1924 1860 portionem
1935 1798 2004 1858 legis
2011 1796 2061 1843 ru.

337 1873 469 1920 deteriora
479 1874 540 1916 sunt
550 1871 627 1924 lacta,
647 1870 736 1928 procul
748 1870 826 1915 dubio
838 1872 883 1915 aut
893 1871 960 1918 nihii
975 1871 1119 1930 debebitur,
1140 1873 1185 1916 aut
1220 1871 1302 1918 cidiae
1314 1869 1413 1918 detrahi
1424 1869 1530 1929 placuit.
1566 1872 1590 1931 p.
1602 1871 1626 1915 4.
1644 1867 1673 1914 Si
1685 1868 1759 1915 Titio
1770 1866 1865 1927 uiginti
1875 1866 1977 1925 legatia
1986 1865 2060 1925 portio

337 1954 437 2000 eoram,
458 1952 522 1996 qaae
533 1937 683 1997 cantabunt,
704 1938 790 1994 qualia
800 1942 886 2001 erunt,
900 1953 930 1986 ea
940 1939 1029 1998 portio
1040 1938 1184 1999 debebitur,
1220 1953 1265 1999 per
1276 1939 1358 1998 legem
1364 1937 1507 1985 Falcidiam
1517 1936 1634 1983 detracta
1644 1940 1720 1998 esset,
1728 1948 1806 1996 qaam
1814 1935 1871 1995 ipse
1881 1946 1990 1991 quoque
1998 1932 2060 1991 qais-

339 2021 404 2067 quae
414 2020 459 2066 per
469 2008 553 2066 legem
563 2004 705 2051 Falcidiam
723 2004 850 2053 elliciatur
860 2020 894 2053 ex
911 2007 1094 2057 aestimatione
1104 2007 1185 2053 bono-
1220 2020 1268 2064 que
1279 2006 1342 2054 Seio
1353 2009 1461 2065 rogatas
1472 2008 1541 2052 esset
1557 2004 1705 2064 restituere,
1724 2003 1835 2049 Vindius
1855 2006 1952 2050 noster
1973 2004 2060 2049 tuta·

339 2089 407 2130 rum,
419 2087 483 2134 quae
496 2072 585 2121 mortis
598 2072 733 2119 testatoris
744 2075 859 2132 tempore
870 2074 977 2121 tuerint.
996 2076 1019 2134 p.
1035 2078 1057 2121 5.
1069 2077 1185 2121 lacertae
1221 2075 1283 2122 Seio
1294 2088 1340 2135 pro
1350 2073 1473 2134 portione
1483 2085 1518 2121 ex
1537 2073 1650 2132 quinque
1670 2070 1855 2119 detrahendam
1875 2071 1930 2133 ait,
1950 2072 2061 2128 quana

337 2147 424 2190 autem
435 2155 477 2188 rcs
488 2142 594 2188 relictae
606 2141 800 2187 distinctionem
813 2141 950 2199 recipiunt.
978 2141 1186 2189 Namaieasuis
1221 2142 1294 2190 Titio
1305 2140 1446 2202 enriginti
1457 2141 1689 2198 detractumesset3
1708 2138 1919 2196 quaeseutentia
1938 2140 1968 2183 et
1986 2137 2061 2194 aequi·

338 2212 414 2258 rebat
425 2209 549 2256 incertam
566 2221 620 2254 rem
637 2212 747 2254 tentator
765 2208 928 2270 reliquisset,
949 2210 1031 2257 velati
1042 2216 1185 2274 argentam,
1222 2213 1301 2258 tatem
1311 2213 1337 2259 et
1347 2209 1478 2257 rationem
1488 2208 1569 2268 magis
1580 2208 1665 2269 habet,
1684 2209 1745 2264 quia
1755 2206 1876 2266 exemplo
1888 2205 2060 2264 beredislegs-

280 2278 283 2283 ’
338 2278 407 2339 quod
417 2277 532 2338 clegerit,
553 2278 578 2322 et
590 2288 665 2323 omne
676 2279 810 2334 argentum
827 2277 962 2324 tentatoris
972 2278 1118 2325 interiisset
1129 2278 1186 2325 sine
1221 2275 1553 2325 tariusadtideieommisse
1562 2275 1718 2336 praestanda
1728 2275 1871 2333 obligatur,
1893 2286 1952 2335 nec,
1970 2272 2061 2330 qaiaex

340 2345 415 2403 culpa
424 2344 535 2404 heredia,
546 2342 613 2388 nihil
624 2343 774 2400 debebitur,
790 2344 831 2389 sin
844 2358 905 2392 vero
916 2345 1018 2405 argenti
1028 2346 1128 2403 pandus
1139 2359 1185 2404 pu·
1221 2359 1268 2392 sua
1278 2359 1389 2404 persona
1400 2344 1542 2403 legatarius
1553 2344 1676 2391 inducere
1685 2342 1768 2402 legem
1778 2341 1925 2388 Falcidiam
1936 2353 1991 2387 noa
2009 2352 2060 2399 pes-

339 2427 367 2458 re
383 2410 502 2458 relietum
520 2413 602 2470 esset,
624 2410 738 2468 quamuis
759 2424 835 2458 ornae
853 2416 987 2471 argentum
1000 2412 1132 2460 testatoris
1143 2415 1186 2460 de·
1222 2413 1264 2469 sit,
1275 2412 1371 2460 idcirco
1382 2413 1450 2471 quod
1461 2424 1551 2472 passus
1562 2416 1639 2473 esset,
1655 2423 1709 2457 uon
1719 2411 1918 2470 imputaturum,
1940 2408 1994 2455 uisi
2004 2409 2060 2455 torte

339 2478 476 2538 periisset,
498 2478 609 2524 ainriaaa
622 2479 679 2537 lege
690 2478 804 2524 Falcidia
814 2480 899 2538 partio
910 2482 967 2528 eius
978 2479 1132 2540 quantitatis
1142 2493 1186 2526 sa·
1223 2483 1332 2528 testetur
1341 2480 1380 2527 ita
1389 2478 1450 2526 ddei
1460 2478 1516 2525 eius
1526 2478 1706 2536 commisisset,
1726 2482 1756 2525 nt
1776 2482 1870 2537 totam,
1892 2476 2014 2536 quidquid
2032 2488 2061 2522 ex

339 2551 432 2605 metur,
443 2557 508 2605 quae
520 2544 570 2590 luit
583 2545 609 2590 in
620 2545 697 2592 bonis
708 2559 739 2591 ea
752 2551 873 2605 tempore,
884 2561 934 2604 quo
947 2552 1058 2595 testator
1068 2548 1185 2610 decessit,
1221 2551 1376 2595 testamento
1386 2546 1505 2609 cepisset,
1522 2547 1683 2596 restitueret.
1717 2548 1741 2606 p.
1756 2548 1779 2591 5.
1791 2546 1820 2593 Si
1833 2548 1923 2591 autem
1934 2544 2060 2590 manuam·

339 2628 388 2662 nee
398 2613 429 2659 ad
442 2613 642 2660 imminuendam
653 2627 707 2659 eura
720 2613 855 2672 quidquam
867 2615 958 2662 damna
968 2620 1058 2674 postea
1069 2615 1186 2663 inciden-
1221 2618 1276 2663 tere
1287 2629 1397 2677 servum,
1407 2614 1451 2661 vel
1462 2627 1536 2661 suurn
1547 2614 1589 2661 vel
1602 2614 1725 2675 alienam,
1735 2618 1844 2673 rogatus
1854 2612 1900 2673 sit,
1922 2609 2059 2658 omninodo

270 2716 273 2720 -
339 2682 376 2729 tia
388 2680 533 2741 prolicient.
571 2683 594 2740 p.
608 2685 630 2727 6.
641 2681 691 2727 iles
703 2683 796 2739 tornea,
808 2695 872 2738 quae
885 2682 1044 2743 interierint,
1056 2697 1102 2741 pro
1114 2684 1186 2729 nulla
1221 2688 1354 2742 praestare
1365 2681 1466 2730 debebit
1477 2681 1699 2741 libertatem;nec
1709 2681 1759 2727 hoc
1770 2679 1935 2728 eontrarium
1945 2682 2060 2736 estsupe-

339 2754 421 2810 parte,
432 2762 462 2795 ac
473 2763 506 2796 ne
517 2748 665 2796 aestimatio
677 2747 777 2808 quidem
789 2750 932 2811 debebitur,
944 2763 997 2797 non
1008 2749 1099 2811 magis,
1110 2764 1186 2810 qaam
1220 2751 1298 2812 riori,
1318 2750 1378 2812 quio
1390 2752 1465 2797 lavor
1475 2749 1605 2797 libertatis
1617 2761 1694 2809 saepe
1706 2751 1733 2795 et
1744 2746 1809 2796 alias
1821 2745 1988 2806 benigniores
2004 2758 2060 2792 seu-

340 2817 363 2865 si
374 2829 464 2864 omues
474 2828 517 2863 res
528 2830 574 2875 per
583 2814 695 2874 speciem
705 2820 870 2863 enumeratae
881 2817 989 2866 relictae
1001 2822 1097 2865 essent.
1124 2820 1146 2877 p.
1159 2820 1184 2864 i.
1221 2819 1318 2866 tentias
1329 2816 1459 2879 exprimit.

340 2884 454 2933 Tametsi
465 2888 552 2931 autem
562 2884 590 2930 in
599 2882 667 2942 legis
676 2883 808 2931 Falcidiae
818 2884 931 2945 ratione,
951 2900 1016 2944 qnae
1026 2884 1186 2933 conditionis
1270 2885 1393 2932 xxxru.
1413 2886 1462 2933 Pa
1469 2897 1486 2930 ss
1493 2884 1505 2931 1
1509 2884 1618 2933 eeiibro
1626 2883 1679 2932 111.
1687 2882 1963 2932 Fideicosams‘ereren·
1973 2878 2059 2927 Siser·

340 2951 487 3012 implendae
499 2964 576 2998 causa
586 2950 674 2997 heredi
686 2956 748 2999 eunt
761 2952 831 3008 data,
852 2952 879 2999 in
891 2958 1008 3011 quartam
1018 2967 1071 3000 non
1083 2965 1187 3013 compu-
1221 2964 1269 3000 rus
1282 2953 1328 3001 tibi
1340 2953 1442 3012 legatus
1452 2952 1604 3012 sit,eumque
1622 2956 1731 3012 rogatus
1751 2951 1787 2997 sis
1808 2948 1998 3008 manumittere,
2015 2959 2060 2993 nec

338 3022 437 3081 tantur,
449 3021 535 3066 tamen
547 3018 581 3078 id,
591 3018 659 3076 quod
671 3031 724 3064 non
735 3018 818 3079 dgura
828 3020 990 3068 conditionis
1004 3022 1122 3081 accipere
1133 3021 1187 3068 ius·
1222 3024 1356 3081 praeterea
1374 3020 1469 3081 capia,
1489 3019 1558 3067 unde
1569 3023 1694 3083 quartam,
1714 3032 1779 3075 qaae
1790 3032 1838 3078 per
1847 3016 1991 3063 Falcidiam
2005 3013 2060 3062 reti·

339 3100 383 3134 sae
393 3089 434 3133 est
443 3087 474 3133 sb
487 3100 528 3147 eo,
545 3085 586 3132 cui
597 3086 766 3134 hereditatem
777 3086 916 3138 restituere
927 3093 1035 3148 rogatus
1046 3093 1094 3150 est,
1110 3089 1187 3137 Celsa
1221 3093 1306 3149 uetur,
1316 3087 1433 3148 recipere
1443 3086 1537 3148 possis,
1550 3090 1654 3134 senatus
1669 3087 1780 3147 censuit,
1791 3098 1896 3133 cessere
1905 3083 2044 3130 Falcidiam.

339 3157 366 3202 et
378 3154 479 3201 loliano
491 3156 582 3202 nostru
602 3153 698 3212 placuit
714 3144 872 3215 caniputari,
893 3157 1105 3218 quemadmodum
1123 3156 1145 3203 si
1157 3171 1187 3205 ea
1271 3155 1388 3203 XXXIV.
1406 3156 1596 3204 Marcellae
1607 3155 1674 3201 titre
1687 3153 1771 3201 XLII.
1784 3153 1956 3215 Digestorum
1975 3151 2060 3197 Iaiisai

339 3234 436 3268 samma
447 3222 522 3269 heres
533 3222 646 3268 verederc
656 3234 700 3268 ens
712 3236 755 3270 res
767 3222 853 3271 iussus
863 3230 940 3287 esset,
962 3224 1086 3282 quianon
1097 3225 1186 3272 condi·
1221 3222 1309 3274 notat:
1329 3224 1359 3269 ln
1370 3222 1502 3271 tentatoris
1513 3234 1589 3269 serso
1599 3235 1653 3268 non
1664 3222 1715 3269 erit
1724 3221 1859 3268 Falcidiae
1871 3220 1955 3265 locus.
1988 3218 2013 3263 Si
2024 3230 2059 3262 re·

339 3288 422 3336 tionis
434 3289 581 3349 implendae
592 3299 678 3351 causa,
696 3289 741 3337 sad
753 3291 939 3349 quodammodo
950 3306 997 3353 pro
1009 3293 1093 3352 pretia
1107 3293 1188 3340 iuter·
1221 3306 1252 3340 ro
1263 3291 1395 3353 pecuniam
1406 3290 1510 3337 aliudve
1522 3289 1583 3348 quid
1594 3289 1731 3351 legaverit,
1747 3289 1858 3347 fideiqne
1869 3286 1991 3348 legatarii
2000 3298 2061 3332 eou-

339 3368 368 3404 re
378 3360 441 3405 sant
452 3357 525 3404 iussi.
543 3355 601 3411 Quo
613 3356 671 3403 loco
682 3358 791 3417 amplior
801 3360 943 3415 quaesitum
952 3364 1005 3407 est:
1017 3360 1188 3407 anhdeicom-
1222 3360 1330 3419 miserit,
1341 3362 1370 3404 at
1381 3357 1495 3406 alianum
1505 3370 1608 3406 serrum
1619 3357 1662 3405 vel
1672 3355 1792 3417 legatarii
1803 3355 2010 3421 manumitteret,
2025 3350 2063 3398 le-

339 3424 474 3473 missarius
487 3437 586 3485 quoque
598 3423 698 3471 inritas
710 3428 820 3485 cogatur
830 3427 892 3475 dare
902 3441 958 3474 eam
968 3441 1098 3487 summam,
1110 3430 1136 3474 et
1145 3442 1188 3475 re·
1222 3440 1266 3473 cus
1279 3427 1338 3474 erit.

339 3491 425 3550 cipere
435 3492 613 3552 hereditatem,
632 3491 705 3549 quasi
719 3497 745 3541 ct
765 3492 847 3553 ipsius
863 3495 1087 3542 odelcammteeam
1101 3496 1187 3542 cssett
1270 3492 1374 3540 XXXV.
1395 3493 1704 3553 uiptaaartttrarr.
1726 3491 1956 3551 Dehpuretiosaaa
1988 3487 2060 3533 Flase

339 3558 391 3607 hed
402 3560 429 3607 id
446 3559 589 3607 verisimile
600 3572 653 3606 nan
664 3561 718 3616 est,
738 3573 814 3620 qaam
834 3562 895 3609 talis
911 3562 997 3610 oratio
1015 3562 1095 3623 magis
1106 3562 1187 3622 ipaias
1221 3561 1244 3608 si
1255 3562 1315 3620 quid
1326 3559 1361 3607 sit
1373 3560 1632 3621 praetcrealegatuna
1651 3559 1702 3620 ipsi
1723 3571 1810 3613 servo,
1829 3556 1966 3604 Falcidiae
1984 3555 2058 3602 lacer

341 3640 427 3689 eausa,
447 3627 814 3687 qaamcontraipsumposits
831 3628 960 3679 videatur.
996 3631 1020 3692 p.
1032 3635 1057 3678 a.
1070 3632 1132 3678 tium
1142 3630 1187 3677 lex
1221 3630 1287 3691 lore,
1307 3628 1574 3676 senatusdeclaravlt.
1610 3628 1683 3675 Unde
1694 3625 1820 3683 Scaeuola
1831 3626 1883 3672 sit:
1903 3624 1985 3683 ineo,
2001 3620 2059 3682 qued

342 3694 461 3742 Falcidia
473 3693 627 3753 interuenit,
650 3708 702 3742 nan
715 3695 823 3743 veniunt
834 3697 862 3744 in
873 3699 1103 3759 contributionem,
1123 3711 1188 3758 quae
1223 3704 1357 3757 praeterea
1368 3709 1444 3744 servo
1454 3696 1570 3754 legatum
1581 3696 1624 3755 sit,
1635 3695 1673 3741 ita
1683 3694 1824 3741 Falcidiam
1835 3689 2061 3751 admittendst

340 3762 391 3822 ipsi
402 3761 491 3810 heredi
503 3775 518 3809 a
529 3761 668 3821 semetipaa
685 3763 727 3811 rel
737 3776 815 3810 eerro
833 3765 890 3812 elus
906 3767 993 3826 legata
1008 3766 1101 3814 ddeire
1117 3779 1188 3812 eom·
1222 3764 1283 3813 lade
1293 3769 1320 3812 et
1330 3764 1398 3822 quod
1409 3777 1456 3823 pra
1467 3776 1543 3810 seruo
1554 3762 1737 3822 praestandum
1749 3764 1787 3808 eet
1798 3764 1925 3807 sumatur.

339 3830 418 3879 missa
428 3831 497 3876 sunt.
532 3829 593 3875 Alia
609 3841 688 3877 causa
703 3833 743 3878 eat
755 3844 862 3891 earum,
884 3846 949 3891 quae
966 3833 995 3880 ia
1011 3833 1079 3881 diem
1092 3837 1188 3881 certam
1267 3831 1384 3878 xxxvl.
1403 3831 1532 3878 Praise
1542 3832 1610 3877 titre
1623 3831 1679 3878 111.
1691 3829 1967 3877 liiieiecsasra'saem.
1986 3822 2059 3871 Sedsi

340 3898 449 3954 dantor;
470 3895 561 3944 namsi
572 3895 701 3944 libertatis
712 3899 767 3946 dies
777 3899 863 3959 coepit
873 3901 972 3959 cedere,
984 3899 1008 3948 el
1020 3902 1188 3961 debebantur,
1223 3913 1276 3947 uon
1287 3894 1377 3946 serius
1388 3898 1443 3958 ipse
1454 3898 1556 3958 legatae
1567 3899 1610 3961 eit,
1623 3898 1668 3945 sed
1679 3896 1796 3957 pecunia,
1816 3898 1976 3954 rogatusque
1986 3891 2059 3938 sitle-

340 3963 765 4013 etlneantribationemvenient.
802 3967 837 4015 Ac
848 3980 922 4016 neca
933 3968 1044 4027 quidem,
1055 3966 1188 4029 quaequls
1222 3967 1339 4027 gaterius
1350 3979 1451 4014 serrum
1463 3978 1537 4014 saum
1547 3965 1736 4027 manumittere,
1747 3962 1895 4010 Falcidiam
1909 3960 2061 4023 patietur‚et

340 4031 424 4081 servis
434 4031 489 4079 sals
499 4030 632 4079 inutiliter
642 4030 699 4080 sine
710 4032 831 4082 libertate
841 4035 938 4095 legavit
948 4035 1187 4097 ddeivecommisit,
1222 4034 1306 4081 nihilo
1317 4034 1403 4081 minus
1414 4036 1521 4091 cogetur
1533 4032 1726 4093 manumittere,
1747 4031 1807 4089 quia
1828 4030 1898 4077 tanti
1921 4029 2062 4076 aestimasse

337 4098 853 4160 incomputatlouesueiuslegisceduut.
888 4103 1188 4166 §.talteqqmsneque
1223 4101 1557 4150 ridebiturservamraum.
1586 4103 1609 4162 p.
1622 4098 1644 4146 l.
1656 4099 1754 4158 Quodsi
1765 4093 2063 4154 alienasserrastuerit,

338 4183 386 4230 per
395 4167 620 4217 loetcamutnam
631 4168 744 4229 relinqui
756 4182 831 4228 posse
842 4174 942 4219 certum
951 4174 1000 4237 est,
1011 4171 1040 4220 in
1050 4170 1117 4232 legis
1126 4171 1190 4218 Fal·
1222 4170 1250 4217 iu
1262 4183 1293 4217 eo
1305 4183 1359 4217 nan
1369 4166 1437 4230 plus,
1459 4181 1533 4226 quam
1543 4166 1653 4229 accepit,
1673 4168 1705 4215 ad
1716 4166 1894 4214 redimendum
1905 4168 2013 4224 cogetur
2021 4160 2064 4207 iu·

338 4236 422 4285 cidiae
433 4234 654 4296 computationem
664 4248 717 4284 noa
728 4239 847 4286 ueniant.
1223 4237 1344 4298 pendere.
1378 4238 1402 4299 5.
1414 4240 1437 4283 2.
1461 4236 1507 4282 Sin
1520 4248 1583 4284 uera
1594 4236 1669 4283 heres
1680 4247 1782 4282 serrum
1793 4238 1903 4292 rogatas
1923 4231 1959 4278 ait
1979 4240 2064 4278 masa·

389 4303 485 4351 ΧΧΧΙ.
503 4302 692 4364 Pomponia
704 4306 795 4353 eiihra
807 4306 845 4353 11.
856 4305 1132 4357 Ftdeieosssrieeorust.
1154 4308 1188 4373 la,
1222 4306 1336 4363 mittere,
1357 4304 1449 4364 placet,
1470 4306 1579 4363 pretium
1591 4303 1647 4355 eius
1657 4307 1686 4348 ut
1697 4317 1740 4348 aes
1756 4301 1872 4348 alienum
1890 4298 2064 4347 deducendam

339 4370 381 4417 eal
391 4370 615 4420 fideicommissum
627 4372 747 4437 solvitur,
758 4374 825 4420 sicut
836 4373 867 4436 ie,
878 4374 918 4422 cui
931 4375 1098 4434 legatomest,
1110 4374 1189 4422 satia-
1222 4387 1286 4422 esse.
1323 4374 1346 4431 p.
1360 4375 1383 4420 3.
1404 4370 1761 4428 Sisoluaeervustepatuset
1777 4367 1977 4414 fideicommissa
1991 4366 2065 4412 liber·

339 4435 400 4485 dare
411 4438 495 4501 dehet,
505 4438 573 4496 qaod
584 4440 695 4499 amplius
707 4441 813 4503 ceperit,
824 4455 898 4500 qaam
907 4443 1040 4502 periegem
1046 4443 1187 4491 Falcidiam
1222 4445 1274 4488 tate
1287 4439 1398 4487 donatus
1408 4439 1497 4500 luerit,
1508 4438 1570 4486 licet
1580 4438 1694 4485 Falcidia
1703 4436 1907 4497 interueniente,
1929 4438 2002 4481 totas
2011 4434 2065 4479 ria-

340 4502 365 4549 el
376 4503 489 4568 licuerit,
510 4505 593 4567 reddi,
610 4508 692 4556 veluti
703 4523 759 4556 cum
773 4513 881 4569 propter
891 4510 1065 4559 conditionem
1076 4511 1187 4558 aliorum
1222 4508 1303 4556 dicari
1315 4509 1505 4569 petive'potest.
1541 4507 1591 4553 Sed
1602 4508 1628 4555 et
1639 4506 1660 4551 si
1674 4505 1743 4551 allud
1754 4508 1890 4562 praeterea
1902 4503 1989 4563 eapiat
1999 4502 2067 4560 lega-

338 4566 594 4623 fideicommissorum
605 4574 647 4621 vel
657 4576 803 4636 legatorum
817 4576 883 4636 legis
894 4577 1026 4625 Falcidiae
1036 4591 1113 4624 canae
1124 4593 1187 4638 perr-
1221 4577 1313 4638 tarius,
1321 4576 1403 4640 adhuc
1413 4586 1503 4622 servus
1511 4573 1743 4632 totaepetipoteat;
1753 4569 2068 4631 quartamautemntrius-
2079 4598 2085 4605 -

341 4634 418 4685 debit.
454 4640 505 4687 Sed
516 4642 541 4687 et
552 4642 689 4690 secuudum
700 4644 782 4692 Cassii
794 4648 820 4692 et
832 4650 946 4693 veteram
958 4646 1117 4707 opinionem,
1139 4648 1188 4693 sia
1221 4658 1313 4705 queex
1325 4644 1411 4703 legato
1425 4642 1594 4702 retinendam,
1607 4640 1802 4699 neimpediatur
1813 4639 1934 4686 libertas.
1971 4632 2068 4697 §.biti

340 4703 440 4762 pupillo
450 4705 647 4755 fideicommissa
658 4711 801 4773 capiantur,
817 4716 922 4772 propter
932 4727 972 4770 ea,
990 4727 1054 4772 quae
1065 4728 1080 4760 a
1091 4714 1187 4760 substi-
1221 4713 1348 4760 incertum
1360 4711 1403 4772 sit,
1424 4724 1456 4757 an
1469 4710 1574 4757 libertas
1585 4706 1710 4768 praestari
1723 4707 1821 4767 debeat,
1843 4705 1928 4752 veluti
1940 4705 2009 4763 quod
2023 4701 2070 4748 sub

341 4770 399 4816 tuto
412 4775 489 4818 erunt
501 4773 611 4838 relicta,
631 4790 723 4827 carere
733 4780 834 4827 debebit
846 4780 868 4826 is
876 4811 885 4835 ,
907 4780 948 4826 eui
960 4779 1086 4828 soluatur.
1122 4782 1187 4828 Nam
1227 4779 1377 4828 conditione
1388 4779 1429 4825 rel
1440 4783 1498 4838 post
1509 4781 1607 4836 tempus
1618 4777 1677 4824 data
1697 4775 1739 4835 sit,
1761 4772 1885 4833 numquid
1905 4774 2009 4820 ineerta
2027 4781 2070 4831 ee,

342 4836 458 4893 quamuis
472 4840 597 4897 repetitio
614 4843 649 4892 sit
666 4860 771 4907 eorum,
792 4860 856 4904 quae
873 4846 1061 4895 fideicommissi
1081 4847 1188 4897 nomine
1221 4862 1255 4895 aa
1266 4847 1420 4908 praestetur,
1441 4859 1515 4903 quam
1527 4845 1664 4904 poreitaat
1685 4856 1774 4889 servus
1793 4841 1875 4899 mori,
1896 4844 1942 4887 aut
1954 4837 2070 4888 conditio

341 4916 396 4950 nou
406 4901 493 4951 debita
503 4906 657 4972 solvantur,
677 4916 763 4962 tamen
781 4915 907 4962 satisdato
924 4919 1027 4964 cautum
1044 4918 1118 4964 debet
1129 4930 1187 4966 csse
1222 4914 1342 4976 deficere,
1353 4913 1458 4961 interim
1467 4913 1584 4960 Falcidia
1595 4911 1753 4959 admittenda
1763 4912 1823 4957 esti
1840 4908 1939 4955 deinde
1949 4920 2026 4968 quma
2037 4903 2072 4951 li·

341 4970 377 5033 el,
388 4983 465 5030 aquo
475 4973 583 5032 pecunia
592 4978 781 5045 proficiscetur,
792 4982 951 5031 nedamnum
960 4985 1057 5033 tentiat
1066 4985 1188 5033 delicien-
1221 4984 1307 5032 bertas
1318 4986 1463 5041 competere
1474 4981 1515 5029 rel
1523 4981 1613 5027 deberi
1624 4978 1746 5039 coeperit,
1770 4982 1822 5024 tum
1833 4975 1985 5034 legatarius
2001 4974 2072 5020 itta·

341 5038 368 5087 2⁶
379 5050 421 5093 0⁰,
432 5037 473 5086 cui
484 5040 595 5089 ”lulum
607 5045 666 5093 erit.
1222 5055 1318 5112 purtem
1330 5050 1447 5111 recipiet,
1461 5063 1534 5110 quam
1544 5047 1660 5094 Falcidia
1671 5045 1783 5093 detraxit
1791 5048 1802 5091 t
1811 5043 1932 5090 Caecilio
1943 5041 2072 5103 placebat,

391 5104 501 5155 xxxu.
529 5109 731 5163 Maecianus
749 5117 818 5164 libro
839 5116 889 5165 IX
910 5118 1186 5170 Fideicomiarereus.
1221 5121 1242 5166 si
1254 5120 1314 5180 quid
1326 5133 1358 5167 ex
1370 5118 1456 5178 operit
1467 5117 1522 5165 eius
1532 5116 1616 5163 medio
1627 5117 1741 5173 tempore
1751 5114 1907 5159 consecutus
1925 5111 2007 5158 faerit
2025 5108 2073 5154 he·

340 5172 470 5254 Poensles
479 5174 605 5253 actiones,
617 5177 670 5227 sire
682 5181 813 5241 legitimae
823 5184 880 5233 sire
889 5185 1056 5249 honorariac,
1069 5189 1187 5248 exeeptis
1221 5200 1272 5247 res,
1293 5188 1318 5234 id
1330 5187 1357 5233 in
1367 5187 1477 5245 pretium
1488 5186 1544 5231 eiua
1555 5196 1662 5242 erogare
1683 5197 1740 5228 eum
1758 5182 1851 5227 debere
1873 5184 1987 5238 propter
2005 5172 2072 5234 lesi·

340 5240 520 5321 popularibus,
541 5255 567 5286 m
579 5243 654 5291 bonis
664 5249 760 5295 actorie
771 5264 824 5297 non
835 5251 893 5298 ideo
905 5254 989 5302 minus
1000 5257 1188 5314 computandae
1220 5255 1351 5302 Falcidiae
1362 5254 1497 5299 rationem.
1613 5258 1617 5263 '

341 5312 411 5372 sant,
423 5320 483 5366 quia
493 5311 578 5354 morte
587 5323 687 5359 reorum
700 5315 856 5364 intercidere
868 5324 985 5378 possunt.
1019 5323 1186 5370 Econtrario
1272 5322 1401 5368 xxxvii.
1425 5319 1627 5367 recensuero
1642 5316 1684 5363 VI.
1696 5317 1727 5362 de
1743 5315 1971 5362 Fidei‘eaaena‘en‘e.
2006 5309 2070 5358 Kisa

340 5376 540 5427 autemeaedera
552 5376 668 5454 uctlouea
679 5381 744 5427 nibil
755 5384 829 5431 bonis
839 5385 886 5448 rei,
904 5387 1028 5436 detuncto
1038 5404 1079 5451 eo,
1101 5392 1187 5438 detra-
1222 5390 1291 5438 serui
1302 5388 1448 5435 aestimatio
1457 5386 1577 5446 perinde,
1599 5382 1781 5431 acatatulibcri
1798 5382 1855 5428 heri
1874 5382 1963 5428 debet.
1999 5379 2069 5440 §.l-

340 5446 415 5493 hant.
450 5442 501 5522 Seri
513 5454 546 5488 ne
557 5456 585 5488 ru
595 5445 692 5522 steteris
703 5449 804 5506 quidem
814 5452 898 5511 bonis,
920 5456 1042 5504 detuneto
1054 5471 1096 5518 eo,
1116 5458 1186 5505 iniu-
1222 5458 1273 5505 Sed
1285 5456 1344 5503 etsi
1363 5456 1438 5502 heres
1448 5466 1550 5502 servum
1561 5450 1674 5499 alienum
1690 5454 1793 5509 rogatus
1812 5452 1851 5494 est
1870 5449 2070 5495 manumittere·

339 5513 439 5560 timim
448 5514 519 5558 ΜΝ
529 5513 627 5569 110(οΓῑῖ
637 5516 788 5573 ⁰⁰¹¹¹l³⁰i⁸rb
810 5519 871 5577 quia
882 5524 908 5568 et
919 5521 975 5581 lpaa
986 5523 1063 5571 simul
1077 5539 1135 5573 curn
1155 5539 1187 5572 eo
1222 5525 1328 5586 placuit,
1340 5526 1368 5569 at
1379 5522 1456 5569 etiam
1467 5521 1542 5569 huius
1554 5521 1661 5580 pretium
1673 5531 1705 5567 ex
1718 5516 1901 5565 aestimatione
1912 5510 2072 5563 hereditatis

339 5578 485 5637 intercidit,
498 5582 526 5624 ut
538 5578 712 5641 ususfructus,
734 5585 761 5629 et
772 5583 807 5639 id,
827 5588 893 5644 quod
904 5588 932 5635 in
943 5590 1007 5651 dies,
1028 5606 1129 5640 menen
1139 5607 1187 5639 ιη.
1223 5593 1313 5640 deduci
1325 5591 1424 5637 debeat.
1696 5581 1699 5589 ’

338 5643 741 5707 twelinttulosslifflfittttobd
752 5648 832 5707 vivat,
843 5653 957 5702 debetur.
985 5656 1088 5707 Etenim
1100 5675 1131 5708 ea
1142 5662 1187 5710 de.
1273 5659 1419 5707 xxxvlll.
1438 5648 1918 5716 Hermogenianacatrodiarie
1932 5650 2071 5711 apem

338 5712 1052 5788 ¹⁰¹³⁰b¹5d¹il⁰¹⁹¹b⁰¹¹i¹⁶²⁰¹¹¹¹¹¹¹s⁰¹¹0⁸¹timisi,
1075 5727 1188 5786 quaein
1222 5742 1290 5775 ruse.
1326 5716 1871 5783 Statuliberheredisnonaugettaunliasu.
1908 5719 1974 5778 μ.
1992 5715 2071 5762 cen·
