4328 6438
570 407 655 462 utu.
681 407 801 463 xxiii.
829 409 855 462 2
899 408 955 463 DE
990 407 1091 462 iii'l'U
1122 404 1392 464 'NUPTldliUM.
1790 406 1842 466 808

115 540 407 597 mutassem-atentia
416 544 489 593 aelus
500 546 828 597 matrabeatiumdebuita
843 560 896 594 neu
914 550 964 609 est,
999 558 1267 607 quanquamnorsrea
1277 558 1397 596 meaaors
1410 550 1637 610 proprietteatnn
1683 552 1706 610 ι.
1718 552 1743 596 2.
1757 551 1806 597 Sed
1818 556 1840 597 et

116 618 142 661 ut
159 615 190 661 iss
215 614 400 663 matrimoniis.
441 613 607 672 Quapropter
626 619 653 661 et
672 629 688 662 ι
706 615 848 675 primordio
870 616 964 661 aetatis
999 615 1214 672 percontrarium
1227 618 1536 675 sponsameapatrimeo
1554 619 1651 665 nubere
1667 630 1720 663 uon
1737 619 1842 676 poterit,

116 679 247 739 mensalia
256 680 322 726 eltlei
333 682 449 742 possunt,
461 680 572 727 simodo
583 681 609 726 id
620 682 677 728 lieri
688 685 720 729 ab
732 686 841 741 utraque
853 694 965 740 pemeus
998 682 1112 738 quamvis
1123 694 1205 728 nurus
1215 695 1268 729 aon
1279 683 1384 741 proprie
1395 683 1504 729 dicatur.
1529 687 1552 745 ς.
1564 688 1588 732 ι.
1600 685 1627 730 Si
1640 696 1709 730 uxor
1719 696 1774 729 men
1784 692 1839 742 post

116 746 294 809 intelligatur,
321 746 349 793 ia
358 749 399 793 est
409 746 432 792 si
442 758 497 793 uun
508 747 564 793 siut
574 748 703 812 minores,
721 762 797 807 quam
809 754 964 807 septeman—
998 747 1139 793 divortium
1149 748 1195 793 alii
1207 749 1333 806 nupserit,
1346 754 1371 795 et
1382 748 1462 796 liliam
1472 750 1624 810 susceperit,
1636 750 1831 808 putatlulionua

115 826 219 860 aaran,
998 813 1064 858 banc
1075 814 1175 872 quidem
1187 816 1330 873 priuignam
1343 829 1396 861 non
1406 829 1472 877 esae,
1485 831 1573 864 uerum
1583 818 1683 875 nuptiis
1694 817 1750 864 eius
1761 819 1839 865 olrstl-

160 879 218 924 XU.
236 879 257 925 1
260 880 404 926 denam
413 881 544 940 ιιιμιιιι
551 880 583 926 ιιι
592 882 735 930 maeatis
744 883 860 930 casibus.
879 883 964 927 Tutor
999 880 1118 925 uaedam.
1140 882 1163 939 ς.
1176 883 1200 925 ι.
1212 880 1355 939 Adoptiuae
1366 884 1464 928 sororis
1474 883 1554 931 liliam
1564 897 1666 942 possum
1679 887 1839 931 exurendu-

113 947 205 991 lsctam
217 944 346 1003 pupillam
356 959 426 991 sassa
438 960 486 993 use
496 946 551 1004 lpse
560 959 671 994 uxorem
680 950 781 1010 dooere,
792 962 840 995 aea
849 948 905 994 lilio
915 960 963 992 suo
998 960 1070 1002 cere3
1086 949 1196 1004 cognata
1212 947 1280 992 eaisn
1292 960 1346 993 mea
1359 961 1411 994 non
1426 953 1464 995 est
1474 950 1529 997 fllia
1540 952 1611 1011 elus,
1627 952 1688 1009 quia
1698 952 1840 998 avunculos

113 1011 138 1059 iu
148 1012 320 1058 matrimonio
330 1010 471 1070 adiungere
482 1018 576 1070 potest.
595 1014 668 1060 Seiae
678 1019 782 1079 ιιιιιι,
793 1016 862 1072 quod
873 1016 905 1061 de
916 1027 963 1059 nu·
999 1013 1109 1058 nemofit
1121 1026 1168 1072 per
1178 1014 1351 1074 adoptionem,
1364 1018 1392 1061 et
1404 1028 1449 1062 eae
1456 1016 1554 1063 demum
1562 1018 1731 1075 cognationes
1738 1023 1841 1065 eontra-

112 1077 173 1137 ptiis
186 1083 340 1133 tractamus,
352 1084 378 1124 ιι
388 1079 421 1124 ad
431 1081 564 1137 sponsalia
575 1082 718 1139 pectinem.
999 1080 1095 1125 buntur
1108 1080 1135 1124 in
1153 1078 1348 1141 adoptionibus,
1367 1093 1432 1139 quae
1447 1082 1580 1140 legitimae
1595 1087 1673 1145 sont,
1689 1085 1715 1130 id
1727 1087 1765 1129 eat
1777 1099 1841 1143 quae

160 1145 235 1190 Xi'l.
258 1145 432 1203 Ulpianus
452 1147 518 1193 libes
538 1148 592 1193 ΙΙΙ.
614 1147 653 1195 ad
666 1150 747 1210 irpeas
762 1148 860 1195 latiam
876 1153 901 1194 et
912 1147 963 1193 Po-
998 1150 1150 1203 aquatorum
1162 1146 1203 1191 lua
1215 1147 1317 1192 babent.
1354 1147 1413 1193 Pari
1425 1149 1526 1195 ratione
1537 1152 1563 1196 et
1573 1162 1690 1197 aurorem
1702 1153 1838 1209 patrismei

108 1214 191 1273 picas.
230 1212 326 1258 Oratio
338 1213 522 1269 imperatorum
539 1215 667 1262 Antonini
685 1220 712 1265 et
729 1214 875 1276 Commodi,
900 1226 964 1273 quae
998 1210 1113 1270 adoptivi
1125 1225 1228 1270 possum
1239 1213 1339 1270 ducere,
1350 1213 1372 1258 si
1385 1226 1438 1258 non
1450 1215 1499 1260 luit
1510 1216 1598 1263 eodem
1610 1222 1683 1275 putre
1696 1222 1763 1263 truta.

109 1278 235 1334 quasdam
250 1279 356 1337 nuptias
366 1278 394 1324 lu
405 1292 516 1336 perssaa
526 1282 681 1328 Senatum
692 1282 818 1343 inhibuit,
839 1281 870 1326 de
886 1293 964 1339 spon-
1047 1277 1120 1324 Xlll.
1138 1280 1224 1325 ldesss
1240 1280 1308 1325 libro
1324 1280 1453 1326 XXXIV.
1470 1282 1508 1327 ad
1522 1282 1653 1329 Sebinnus.
1683 1286 1711 1330 si
1729 1290 1840 1342 patrona

108 1345 212 1392 salibus
222 1345 291 1391 niati
303 1346 392 1391 locuta
403 1351 456 1403 est;
474 1352 546 1393 reete
557 1353 640 1394 ιιιιιι
652 1348 844 1407 dictionarium
856 1360 964 1406 sponsa·
1000 1349 1051 1391 iam
1063 1344 1186 1402 ignobilis
1197 1346 1240 1407 sit,
1252 1350 1281 1391 ut
1292 1345 1316 1392 ei
1329 1347 1454 1393 ιιιιιιιιιι
1464 1350 1517 1394 sint
1528 1349 1569 1395 vel
1580 1349 1666 1396 ilberti
1679 1351 1718 1396 sui
1726 1352 1840 1415 nuptiae,

107 1413 144 1459 lia
154 1414 186 1458 in
199 1411 243 1457 lais
254 1412 352 1458 casibus
362 1412 418 1472 ipso
428 1413 485 1460 lure
493 1414 593 1460 nulllus
602 1427 660 1462 esse
668 1415 800 1477 mosanti,
808 1419 836 1460 ut
845 1414 964 1473 supplea-
999 1411 1083 1458 otiieio
1095 1412 1188 1458 iudicis
1198 1423 1276 1472 super
1286 1413 1334 1460 boe
1345 1415 1526 1472 cognoscentis
1537 1415 1585 1462 hae
1594 1416 1726 1475 prohiberi
1736 1430 1790 1463 non
1797 1419 1839 1466 de-

106 1485 161 1540 tar,
174 1479 249 1536 quod
261 1478 375 1525 orationi
387 1480 467 1526 deest.
999 1480 1069 1524 bent.

160 1546 251 1591 XVll.
263 1547 443 1600 Coissaiitro
454 1548 477 1594 1.
490 1549 527 1593 ud
535 1550 614 1608 legens
623 1550 719 1595 [aliast
730 1555 757 1594 et
766 1547 886 1607 Pupiam.
901 1547 964 1593 Sae-
1049 1544 1116 1591 xlv.
1135 1547 1340 1594 Pauluaiibro
1355 1546 1465 1596 XXXV.
1483 1550 1521 1595 aad
1535 1548 1663 1596 Eatenus.
1698 1550 1841 1609 adoptivus

105 1613 244 1672 priuatae
255 1624 285 1657 se
296 1612 456 1659 necessariae
466 1627 556 1661 musae
567 1628 619 1661 uon
631 1615 714 1661 solum
723 1626 821 1662 asinum
834 1614 875 1660 vel
894 1614 965 1659 bien-
1000 1612 1070 1657 lilius
1081 1612 1103 1657 si
1114 1612 1302 1675 emancipetur,
1314 1627 1379 1676 eam,
1391 1627 1455 1670 quae
1465 1614 1546 1674 patris
1564 1616 1679 1675 adoptivi
1695 1629 1764 1663 uxor
1782 1617 1839 1679 luit,

106 1679 201 1737 aium,
223 1679 270 1723 sed
282 1679 359 1724 etiam
369 1679 525 1743 triennium,
544 1686 573 1727 et
585 1682 796 1742 quadriennium,
818 1685 844 1726 et
855 1679 965 1725 ulterius
999 1680 1094 1725 ducere
1106 1690 1158 1725 non
1170 1683 1265 1740 potest,
1277 1681 1337 1739 quia
1348 1694 1475 1728 storereae
1486 1682 1569 1728 iocum
1580 1683 1663 1731 babet.
1699 1686 1723 1742 §-
1737 1687 1758 1730 i.
1777 1685 1839 1731 item

105 1747 223 1792 trahunt
234 1746 384 1805 sponsalia,
405 1746 486 1793 ueluti
498 1748 621 1794 ualetudo
639 1748 726 1806 sponsi
745 1760 902 1807 spunssesa,
924 1746 964 1792 vei
1000 1745 1021 1790 si
1033 1745 1091 1800 quis
1102 1745 1185 1791 tilium
1196 1747 1369 1807 adoptaverit,
1380 1761 1489 1794 uxorem
1500 1750 1623 1811 eiusdem,
1635 1763 1700 1807 quae
1712 1751 1840 1799 nuruslo-

106 1818 212 1860 mortes
224 1818 370 1872 parentum,
380 1817 425 1858 aut
435 1813 555 1872 capitulla
565 1814 736 1877 erimina,aut
746 1814 880 1874 longiores
892 1826 965 1872 pere.
1000 1824 1030 1858 eo
1042 1814 1090 1869 est,
1101 1825 1134 1858 ne
1145 1811 1246 1870 quidem
1257 1816 1315 1870 post
1326 1815 1557 1873 emancipationem
1568 1815 1616 1862 filii
1628 1817 1722 1863 ducere
1733 1819 1840 1879 poterit,
1920 1806 1925 1817 ¹

108 1880 364 1939 miserationemque
376 1892 409 1925 es
421 1880 659 1928 nscessitateduut.
1000 1878 1121 1936 quoniam
1139 1878 1278 1934 aliquando
1297 1893 1377 1925 nurus
1393 1882 1417 1928 ei
1435 1880 1495 1928 l'ult.
1532 1884 1555 1942 p.
1567 1888 1591 1929 2.
1610 1884 1725 1930 Sertiles
1741 1898 1842 1943 quoque

160 1947 262 1991 xviii.
283 1946 308 1992 ll
316 1947 452 2003 tpianua
462 1948 528 1993 tiara
543 1948 590 1995 Η.
600 1948 637 1993 0ae
646 1946 774 1994 Eatenus.
794 1948 826 1994 ln
836 1948 965 2006 sponsali.
1001 1945 1289 2002 cognationesbociure
1296 1948 1470 1994 observandae
1481 1953 1548 1995 suut.
1561 1950 1646 2008 igitur
1657 1955 1841 1998 matremauam

111 2014 157 2059 bus
170 2012 364 2058 constituendis
375 2014 449 2071 parui
460 2015 548 2075 relect,
570 2018 802 2076 paranetarum,
823 2028 856 2061 au
867 2029 914 2074 per
924 2015 966 2060 in.
1001 2012 1170 2059 manumissus
1187 2025 1240 2057 uon
1257 2014 1329 2060 ducet
1344 2027 1466 2073 uxorem3
1482 2017 1632 2063 tantundem
1649 2016 1713 2062 iuris
1725 2021 1801 2065 estet
1813 2019 1840 2064 in

112 2081 294 2140 bernuntiuru,
317 2079 359 2125 tel
370 2092 415 2137 per
425 2078 560 2139 epistulam
571 2110 579 2136 ‚
599 2094 632 2127 an
643 2096 689 2141 per
708 2082 789 2128 alium
807 2082 856 2127 boe
871 2084 966 2128 tactum
1001 2091 1092 2125 sorore
1102 2082 1128 2126 et
1139 2079 1238 2124 sororis
1248 2079 1312 2125 tilia.
1343 2083 1410 2130 idem
1421 2082 1578 2129 econtrario
1589 2083 1725 2131 dicendum
1741 2088 1796 2147 eat,
1813 2090 1841 2130 ut

115 2145 164 2204 sit,
187 2152 215 2194 et
232 2150 287 2193 iere
310 2147 460 2205 pierumque
479 2146 642 2196 conditiones
661 2149 826 2208 interpositis
846 2149 965 2208 personis
1000 2149 1073 2204 pater
1083 2145 1162 2192 tiliam
1173 2160 1225 2192 nou
1235 2147 1318 2205 possit
1330 2148 1432 2208 ducere,
1443 2152 1469 2195 et
1480 2150 1501 2195 si
1513 2164 1545 2197 ex
1557 2150 1841 2198 seruitutemanumisal

118 2214 302 2273 expediuntur.
1001 2213 1062 2271 airst,
1073 2215 1099 2258 et
1111 2212 1248 2273 dubitetur,
1259 2217 1358 2271 patrem
1369 2228 1424 2262 eum
1436 2229 1500 2263 esse.
1530 2216 1602 2262 Unde
1613 2231 1660 2263 uec
1672 2218 1752 2275 uulgo
1762 2231 1841 2274 quae-

456 2312 536 2373 ,ΠΤ
579 2314 613 2374 H
1001 2278 1159 2359 pltamssliam
1170 2284 1244 2358 pater
1254 2280 1477 2361 naturalistpoteat
1488 2296 1596 2330 uxorem
1604 2285 1704 2343 ducere,
1717 2285 1839 2341 quoniam

317 2397 369 2442 na
392 2396 488 2445 κιτυ
515 2358 766 2447 aurionno
1000 2346 1841 2476 littltt'ttltltltltfilib{bt‘ttltt‘t'tit

171 2480 191 2525 l.
209 2480 419 2527 Modestinus
440 2482 507 2528 libro
529 2482 551 2527 1.
571 2480 736 2543 Regularum.
770 2480 884 2540 Nuptiae
903 2483 964 2526 suut
1000 2480 1167 2526 reinducere.
1206 2481 1230 2539 ι.
1242 2481 1265 2525 ι.
1283 2483 1350 2529 idem
1362 2486 1456 2544 tameo,
1473 2482 1540 2540 qnod
1551 2482 1578 2527 ln
1591 2484 1729 2530 servilibus
1746 2498 1841 2543 cogna-

129 2547 270 2592 esuiunetio
284 2547 361 2592 asseria
371 2552 397 2594 et
409 2549 527 2605 feminee,
539 2549 701 2595 consortium
711 2549 882 2608 ammanitae,
894 2547 964 2593 disi·
1000 2547 1115 2593 tionibus
1126 2546 1295 2593 constitutum
1307 2552 1361 2608 eat,
1378 2550 1455 2596 etiam
1473 2550 1500 2595 in
1516 2549 1653 2596 seruilibus
1668 2550 1838 2598 atiiultatibus
1909 2594 1912 2601 ,

131 2613 153 2658 ιι
162 2620 186 2659 et
197 2614 299 2659 bomani
312 2615 377 2659 iuris
389 2615 597 2662 eommunlcatio.
1000 2613 1155 2660 servandum
1166 2618 1220 2676 est,
1232 2614 1314 2660 veluti
1327 2619 1353 2661 ut
1364 2629 1432 2677 eam,
1449 2631 1512 2676 quae
1529 2617 1556 2662 in
1572 2619 1743 2665 contubernio
1760 2617 1841 2677 patris

173 2682 204 2725 ll.
225 2679 356 2727 Pontus
375 2682 443 2727 libro
454 2678 567 2728 XXXV.
581 2682 753 2728 addidicisset.
777 2681 962 2740 Nuptiaaeun-
999 2681 1089 2739 luerit,
1100 2679 1172 2739 quasi
1184 2693 1321 2729 novercam
1332 2696 1385 2727 non
1396 2684 1491 2742 possim
1507 2685 1615 2744 ducere,
1632 2688 1659 2730 et
1675 2690 1766 2731 eontra
1776 2698 1840 2744 eam,

132 2745 214 2793 sistere
224 2760 276 2792 non
293 2754 417 2807 possunt,
439 2748 489 2795 nisi
508 2749 674 2796 consentiant
690 2762 793 2812 omnes,
815 2749 841 2795 lti
861 2751 901 2795 est
920 2747 963 2807 qul
999 2748 1102 2803 quaein
1113 2748 1284 2794 eosrtubernio
1295 2749 1343 2794 tilii
1355 2752 1449 2810 tuerit,
1469 2755 1566 2809 patrem
1587 2750 1659 2811 quasi
1678 2765 1771 2800 nurum
1789 2766 1840 2799 nou

133 2816 225 2867 codurrt,
237 2829 396 2873 quorumque
407 2815 433 2860 in
446 2821 576 2873 potestate
587 2823 656 2862 aurat.
999 2815 1103 2874 ducere,
1114 2826 1194 2871 aequa
1204 2829 1252 2862 nee
1261 2806 1369 2863 matrem
1381 2816 1445 2879 eius,
1457 2830 1529 2875 quam
1540 2818 1596 2875 quia
1608 2819 1842 2867 inseruituteuxo-

175 2882 218 2926 ili.
238 2882 443 2927 loentitrsi.
455 2882 635 2929 adsedissent.
670 2882 838 2940 streperem
856 2896 888 2928 ex
907 2881 962 2928 lilio
999 2880 1161 2942 rembsbuit,
1179 2882 1372 2940 quaslsoerum.
1408 2889 1492 2943 tinum
1510 2886 1579 2933 enisu
1597 2887 1719 2945 cognatio
1737 2886 1842 2934 servilis

130 2950 154 2993 ot
164 2954 257 3005 neptem
269 2962 302 2995 es
314 2949 398 2994 altero
409 2949 464 2994 bilo
477 2949 504 2994 in
516 2953 643 3008 potestate
653 2949 767 3009 babeam,
780 2949 884 3006 nuptias
895 2949 964 2995 inter
1000 2947 1170 3007 intelligitur,
1182 2960 1261 3004 quare
1273 2963 1326 2996 non
1343 2954 1370 2996 et
1386 2953 1498 2998 altinitas
1515 2953 1696 3011 intelliguturl
1715 2954 1764 3001 Sed
1776 2953 1803 3000 io
1814 2968 1842 2999 re

130 3026 170 3059 eos
181 3030 216 3061 ne
226 3016 282 3061 selo
293 3021 400 3062 auctore
409 3017 527 3062 eorstrabl
539 3029 622 3077 posse,
641 3016 800 3073 Pomponius
811 3015 918 3075 scribit,
936 3021 962 3062 et
999 3014 1076 3060 dubia
1087 3014 1184 3060 eertius
1194 3020 1220 3060 et
1231 3016 1372 3063 modestius
1383 3023 1431 3078 est,
1444 3019 1589 3065 huiusmodi
1597 3019 1693 3078 nuptiis
1700 3018 1840 3067 abstinere.

130 3088 268 3129 vernarent.
860 3080 908 3155 -ι-
999 3083 1022 3141 p.
1040 3082 1065 3125 ι.
1084 3082 1159 3126 Nunc
1171 3080 1311 3137 uideamus,
1321 3085 1448 3139 quomodo
1461 3097 1579 3144 stouerca,
1591 3090 1616 3131 et
1627 3086 1755 3144 privigna,
1766 3088 1791 3130 et
1800 3097 1842 3129 ao·

176 3150 213 3194 lv.
232 3150 430 3208 Pomponiae
440 3149 506 3195 libra
513 3149 569 3194 111.
581 3150 617 3195 cul
627 3148 758 3196 Sebinnus.
777 3150 905 3197 Minorem
917 3162 964 3195 an·
999 3160 1066 3207 erus,
1076 3150 1103 3192 et
1114 3160 1192 3193 saurus
1204 3147 1397 3211 intelligentur,
1409 3156 1435 3196 ut
1443 3153 1562 3207 sciamus,
1574 3164 1635 3206 quaa
1646 3164 1698 3198 uon
1710 3150 1788 3197 liceat
1796 3150 1842 3195 du·

131 3215 168 3261 ais
177 3215 307 3261 duodecim
319 3220 423 3274 nuptam
435 3220 497 3261 tune
508 3215 650 3274 legitimam
665 3229 775 3273 uxorem
787 3218 866 3280 iore,
886 3229 963 3276 quum
999 3227 1066 3260 cere.
1088 3213 1196 3266 nuttam
1207 3226 1343 3263 novercam
1354 3231 1401 3276 per
1411 3230 1439 3264 se
1450 3218 1532 3275 patris
1544 3229 1661 3276 uxorem,
1672 3223 1697 3263 et
1709 3230 1802 3264 nurum
1812 3216 1842 3263 ss·

131 3282 190 3341 sprd
201 3284 279 3329 slsum
291 3282 424 3340 explesset
439 3282 574 3329 duodecim
586 3296 678 3329 aursus.
999 3281 1029 3326 lii
1040 3292 1157 3341 uxorem,
1168 3284 1194 3328 ιι
1206 3280 1352 3341 privignam
1364 3284 1455 3330 uxoria
1466 3296 1499 3329 ex
1512 3282 1566 3330 alio
1578 3283 1756 3329 maritolllism
1764 3282 1842 3329 intel·

175 3348 202 3394 ι’.
221 3350 238 3395 1
242 3350 308 3395 dees
328 3350 394 3394 libra
417 3350 467 3396 17.
486 3350 524 3397 ad
543 3350 674 3397 Sabinam.
704 3349 842 3397 Mulierem
862 3349 964 3397 absenti
1000 3348 1099 3407 liquot,
1115 3346 1160 3394 sed
1175 3348 1243 3409 quod
1258 3350 1290 3394 ad
1301 3350 1367 3396 hanc
1377 3363 1478 3397 eausam
1490 3349 1576 3397 verius
1589 3354 1641 3411 est,
1659 3364 1706 3398 neo
1721 3348 1763 3396 aul
1775 3362 1842 3396 uxo-

131 3428 171 3473 per
179 3414 276 3462 litteras
288 3416 345 3461 eias
356 3414 397 3462 vei
408 3429 453 3476 per
465 3416 582 3463 nuntium
593 3430 668 3476 posse
682 3417 778 3464 nubere
798 3417 892 3477 placet,
904 3417 927 3463 si
937 3417 964 3463 io
1000 3428 1066 3475 rem,
1084 3410 1131 3461 n'ec
1141 3415 1231 3473 proavi
1243 3415 1301 3462 duel
1314 3430 1397 3477 posse.
1433 3416 1503 3463 Duas
1514 3430 1576 3475 ergo
1589 3416 1630 3465 vei
1643 3416 1731 3476 piures
1747 3426 1842 3464 notter-

132 3482 222 3529 ιιιιιι
232 3483 290 3529 eius
299 3484 478 3543 deduceretur,
489 3498 545 3530 eam
555 3497 627 3546 vero,
644 3496 709 3543 quae
720 3484 879 3543 abesset,ex
891 3483 965 3531 litte.
1000 3482 1326 3542 easducereoonpoterit.
1350 3487 1404 3532 Nee
1415 3486 1594 3543 mirum3nam
1606 3488 1632 3531 et
1643 3484 1674 3545 ia,
1685 3483 1730 3540 qui
1741 3483 1843 3544 adopti-

132 3548 164 3594 ιιι
174 3551 211 3596 rel
221 3550 317 3597 nuntio
328 3550 419 3597 deduci
430 3565 445 3597 a
457 3551 551 3597 marito
564 3564 617 3597 nou
627 3564 718 3611 possc;
730 3550 886 3598 deductione
897 3552 965 3599 enim
1000 3560 1047 3594 uus
1057 3552 1106 3609 est,
1117 3562 1166 3596 aee
1174 3550 1302 3597 naturalis
1313 3553 1411 3614 patris,
1426 3566 1476 3599 nec
1491 3550 1607 3610 adoptivi
1626 3564 1736 3598 uxorem
1752 3551 1844 3599 ducere

133 3627 188 3674 spus
197 3631 252 3664 esse
262 3619 292 3665 iss
301 3616 399 3681 mariti,
409 3630 462 3665 aon
475 3618 502 3665 iu
512 3618 604 3666 axoris
614 3619 726 3680 domum,
737 3618 811 3674 quasi
821 3618 849 3665 in
859 3618 966 3666 domici-
1000 3620 1102 3675 potest;
1119 3617 1162 3662 sed
1177 3622 1203 3664 et
1220 3617 1242 3663 sl
1262 3619 1349 3677 plures
1360 3632 1457 3668 uxores
1473 3622 1547 3678 pater
1563 3618 1700 3678 adoptivus
1715 3618 1844 3679 babuerit,

133 3681 188 3730 iiam
199 3684 368 3732 matrimonii.
1001 3682 1099 3729 nullam
1112 3696 1199 3731 earum
1210 3684 1303 3733 doecre
1314 3700 1426 3745 possum.
1463 3688 1552 3745 itaque
1569 3698 1659 3733 socrus
1671 3686 1845 3746 appellatione

175 3753 214 3797 ιἰ.
235 3753 402 3812 Ulpianus
418 3752 486 3799 libro
498 3750 613 3799 XXXV.
632 3752 817 3799 eusebianas.
851 3752 967 3811 Denique
1001 3764 1055 3797 noo
1066 3754 1167 3797 tantum
1179 3754 1270 3800 uxoris
1281 3767 1352 3800 meae
1363 3757 1456 3813 mater,
1474 3754 1517 3800 sed
1534 3756 1561 3799 et
1579 3752 1638 3799 auia
1649 3755 1676 3801 ιι
1687 3751 1794 3812 proavia
1805 3752 1845 3799 iu-

134 3815 207 3862 cistas
216 3818 317 3866 scribit:
330 3831 397 3871 eum.
408 3820 452 3876 qni
463 3822 596 3866 absentem
606 3819 747 3877 accepisset
759 3832 878 3879 uxorem,
891 3820 966 3866 dein·
1002 3816 1141 3879 setltpttnr,
1153 3822 1182 3865 ut
1192 3818 1290 3866 uallum
1301 3833 1389 3867 aarum
1400 3822 1494 3867 ducere
1506 3820 1611 3878 possim.
1648 3821 1735 3866 Nurus
1747 3833 1846 3880 quoque

135 3881 160 3928 ιι
169 3884 267 3932 rediens
276 3898 292 3930 ι
303 3897 385 3932 coena
395 3885 469 3933 tarta
479 3886 595 3934 Tiberim
604 3886 724 3949 perisset,
737 3886 768 3932 ab
780 3898 864 3932 uxore
876 3886 967 3945 lugen-
1001 3884 1176 3943 appeilatiooe
1187 3900 1240 3933 non
1253 3890 1352 3934 tantum
1362 3887 1410 3934 liiii
1423 3901 1499 3946 uxor,
1511 3887 1555 3934 sed
1567 3890 1593 3933 et
1603 3887 1707 3945 nepotis
1719 3890 1744 3934 et
1751 3900 1848 3947 proue-

133 3948 191 4007 (ιιι,
202 3965 352 4012 responsum
363 3964 428 3999 esse.
1002 3952 1071 4011 potis
1081 3952 1240 4014 continetur,
1251 3953 1313 4002 licet
1324 3954 1424 4015 quidam
1435 3955 1481 4001 baa
1493 3966 1623 4012 pronurus
1635 3954 1776 4014 appellunt.
1789 3954 1848 4001 Pri·

174 4020 228 4065 i'il.
240 4019 369 4067 Pausias
378 4020 444 4067 libro
455 4022 586 4082 amputari
593 4018 878 4081 adlegemi'trieisiiaas.
893 4018 967 4067 ideo-
1002 4019 1081 4078 signs
1092 4033 1191 4079 quoque
1202 4034 1256 4068 uon
1267 4023 1350 4068 solum
1363 4033 1394 4068 ea
1405 4021 1466 4067 mibi
1484 4018 1659 4082 intelligitur,
1673 4034 1739 4080 quae
1755 4019 1848 4068 uxoria

128 4093 177 4138 ‘lit
185 4088 267 4144 potest
276 4088 345 4146 narr,
356 4090 386 4131 ut
396 4087 424 4134 iu
435 4089 482 4135 boe
492 4102 553 4135 casu
564 4088 652 4147 aliqua
664 4087 737 4147 uirgo
748 4092 775 4135 et
785 4087 880 4149 dotem,
899 4087 967 4134 etde
1004 4096 1075 4130 meae
1083 4086 1192 4150 tliaast,
1204 4088 1248 4134 sed
1265 4091 1290 4133 et
1308 4088 1393 4147 neptis
1403 4092 1430 4135 et
1439 4087 1587 4150 proneptis,
1611 4089 1641 4133 ut
1650 4088 1747 4134 nullam
1759 4099 1849 4133 earum

128 4147 185 4199 dne
193 4153 286 4201 babeat
296 4153 435 4201 sationem.
1002 4152 1097 4197 ducere
1107 4152 1209 4210 possim.
1223 4156 1349 4202 itemeius
1360 4159 1475 4217 matrem,
1486 4167 1686 4214 quamsponsam
1694 4152 1781 4215 habui,
1794 4165 1848 4198 nou

179 4221 242 4268 l'iii.
261 4221 543 4279 Pomponiaaitbre
561 4219 590 4267 Υ.
608 4222 645 4268 ari
660 4221 791 4271 Sabinam.
816 4219 967 4268 Libertinos
1000 4230 1125 4277 posseme
1137 4232 1246 4267 uxorem
1257 4221 1361 4284 ducere,
1372 4220 1502 4282 Augustus
1513 4221 1701 4279 interpretatus
1714 4223 1768 4279 eat,
1784 4217 1848 4265 luis·

123 4284 267 4336 libertinam
279 4291 388 4335 matrem
398 4295 443 4335 aut
454 4302 569 4336 sororem
579 4301 688 4337 uxomm
699 4289 793 4335 ducere
806 4300 859 4333 non
870 4291 965 4349 potest,
1000 4299 1027 4332 sa
1038 4285 1107 4331 enim
1117 4299 1173 4332 eam
1184 4300 1293 4334 socrum.

125 4352 188 4412 quis
196 4356 242 4404 boe
253 4357 296 4403 ius
305 4356 428 4419 moribus,
440 4370 492 4404 non
506 4355 607 4414 legibus
619 4355 796 4402 introductum
807 4359 855 4402 est.
1049 4350 1106 4403 XV.
1134 4352 1280 4414 Pupinia
1288 4370 1347 4403 aas
1362 4356 1430 4403 libro
1442 4356 1493 4403 11⁷.
1503 4356 1704 4416 Responsum.
1734 4353 1849 4401 Uxorem

180 4422 811 4484 tx.urprasssuorsxxr1.aesmnun.
845 4421 966 4480 Sinapos
1000 4419 1127 4476 quondam
1148 4420 1262 4481 privigni
1280 4421 1403 4482 coniungl
1413 4421 1580 4469 matrimonio
1592 4420 1681 4469 vitrici
1700 4433 1754 4468 uon
1772 4431 1849 4477 opor·

119 4497 231 4539 mtrem
242 4492 308 4539 velit
318 4491 412 4538 ducere
421 4502 471 4539 avo
482 4491 594 4549 turrate,
606 4489 755 4537 omnimoda
767 4488 967 4548 patrlsauetori.
1002 4491 1048 4548 tet,
1059 4500 1106 4533 nee
1116 4486 1143 4532 iu
1155 4490 1346 4537 matrimonium
1356 4490 1499 4537 conuenire
1511 4502 1648 4537 novercam
1657 4486 1723 4551 eius,
1740 4485 1784 4546 qui
1795 4485 1849 4545 pri·

117 4558 223 4604 hterlt
234 4555 389 4606 oeeeasaria.
425 4559 476 4605 Sed
486 4557 509 4603 ai
520 4562 593 4616 pater
604 4557 680 4613 lorii,
694 4570 757 4603 auus
769 4557 862 4615 sapiat,
873 4556 967 4602 sutlleit
1001 4555 1094 4614 riguae
1104 4556 1212 4601 maritus
1223 4557 1281 4604 init.
1531 4600 1534 4605 ,

116 4621 306 4672 ιιιιιιιιιιιιι.
341 4626 365 4683 p.
381 4627 401 4672 i.
414 4627 448 4687 is,
460 4625 534 4671 euius
544 4628 618 4683 pater
628 4625 659 4671 ab
671 4624 789 4671 hostibus
809 4627 899 4683 eaptus
918 4627 966 4686 est,
1052 4620 1120 4667 XVI.
1142 4622 1265 4671 Paetus
1283 4624 1353 4670 libro
1369 4622 1490 4681 XXXV.
1503 4624 1539 4670 ari
1559 4621 1686 4669 Edictum.
1723 4617 1851 4666 Oratione

115 4687 154 4736 nr
170 4700 211 4738 teu
222 4694 293 4740 intra
305 4693 446 4740 triennium
457 4696 617 4751 reuertatur,
629 4704 737 4739 uxorem
748 4691 839 4738 ducere
849 4695 944 4750 potest.
1002 4687 1055 4734 divi
1068 4689 1148 4735 Marci
1160 4696 1272 4754 cavetur,
1286 4695 1323 4751 ut,
1335 4691 1356 4737 si
1364 4688 1501 4737 Senatoris
1511 4688 1700 4735 tilialibertino
1709 4686 1849 4748 nupsisset,

181 4757 207 4806 i.
228 4761 441 4809 Posteriora
458 4758 574 4806 XXXV.
591 4758 628 4806 aad
642 4758 769 4806 Edictum.
805 4758 968 4817 Sittapater
1003 4769 1052 4802 uec
1061 4758 1166 4813 nuptiae
1176 4763 1361 4818 esseut3quum
1374 4762 1399 4805 et
1408 4755 1786 4804 senatusconsultumaeaulum
1798 4759 1846 4801 ιιι.

109 4823 202 4885 nhil,
212 4832 242 4874 ut
253 4829 394 4888 ignoretur
405 4829 447 4874 ubi
459 4828 526 4873 sitet
536 4840 569 4872 an
578 4826 621 4887 sit,
634 4827 693 4886 quid
704 4825 905 4873 iaciendumsitl
917 4840 967 4872 me·
1003 4825 1026 4883 ι.
1041 4824 1063 4868 i.
1083 4823 1182 4882 Nepote
1200 4836 1308 4872 uxorem
1325 4826 1451 4886 ducente,
1467 4826 1493 4870 et
1511 4822 1581 4870 lilius
1599 4822 1748 4870 consentire
1759 4820 1849 4879 debet;

106 4890 328 4943 titulabantur.
351 4895 568 4947 alutinensium
577 4893 724 4953 effluxerit,
741 4895 874 4950 postquam
892 4905 968 4950 aper·
1004 4888 1089 4948 neptis
1101 4902 1163 4938 sero
1175 4890 1301 4953 sinubat,
1319 4893 1441 4939 voluutas
1460 4894 1487 4937 ιι
1500 4888 1643 4937 auctoritas
1654 4889 1696 4935 ιιι
1709 4888 1812 4936 sullicit.
1824 4890 1849 4948 p.

104 4956 223 5009 finitae
232 4962 313 5010 luerit
323 4970 397 5022 paler
407 4960 522 5023 ignotus,
533 4961 577 5008 ubi
589 4960 671 5022 degat,
688 4964 714 5007 et
723 4971 757 5005 an
773 4964 905 5019 superstes
924 4960 968 5021 sit,
1004 4960 1028 5004 2.
1040 4956 1125 5003 Furor
1136 4959 1253 5006 contrabi
1266 4960 1457 5007 matrimonium
1475 4968 1528 5003 uon
1547 4955 1628 5019 sinit,
1645 4956 1706 5014 quia
1721 4968 1850 5004 consensu

101 5036 184 5073 ιιωι
192 5031 360 5087 probibentur
371 5030 446 5077 liberi
457 5030 514 5076 elus
530 5028 666 5085 utriunque
682 5039 762 5074 sexus
777 5027 969 5073 matrimonium
1006 5036 1071 5083 opus
1082 5028 1135 5081 est3
1147 5027 1191 5071 sed
1202 5031 1271 5073 recte
1282 5031 1442 5074 contractum
1453 5039 1506 5072 nou
1518 5024 1634 5084 impedit.

101 5090 422 5158 velrrspttasteplumm
432 5097 595 5144 contrahere.
1009 5130 1017 5141 ,
1055 5089 1136 5137 Xi'ii.
1156 5094 1255 5140 Caius
1273 5095 1339 5141 libro
1356 5091 1574 5157 X!.ole‹iietum
1587 5092 1766 5152 provinciale.
1800 5088 1852 5138 l’er

176 5156 219 5209 Xi.
232 5165 467 5213 tetransiton
477 5163 566 5209 LXII.
577 5162 750 5222 Digestorum.
786 5158 967 5220 stationemi,
1004 5157 1172 5216 adoptionem
1188 5160 1305 5217 quaesita
1323 5159 1474 5207 fraternitas
1489 5171 1602 5216 eousque
1619 5158 1725 5217 impedit
1737 5157 1850 5219 nuptias,

87 5224 161 5286 φὶ
179 5233 241 5290 apat
251 5233 342 5280 boates
351 5234 401 5291 ιιι,
422 5231 463 5278 uel
473 5233 560 5291 abest,
578 5232 639 5277 aute
654 5228 796 5276 triennium
812 5227 969 5286 captiuitatis
1005 5227 1087 5273 dustee
1099 5230 1185 5273 manet
1196 5227 1312 5286 adoptio.
1348 5228 1461 5284 Ideoque
1471 5240 1536 5287 eam,
1554 5238 1628 5285 quam
1640 5228 1713 5284 pater
1724 5238 1795 5272 meus
1805 5225 1851 5271 ad-

83 5291 154 5342 rel
171 5297 651 5360 tbeeutlaepatrisuxoremduxerit‚
675 5297 717 5344 rei
734 5296 756 5342 si
774 5295 829 5342 lilia
840 5295 968 5354 nupserit,
1005 5291 1105 5351 optarit
1116 5297 1142 5339 ιι
1153 5293 1333 5354 emanciparit,
1346 5297 1438 5352 potero
1452 5306 1560 5341 uxorem
1571 5292 1676 5351 dueere;
1697 5290 1850 5350 aequeetal

73 5360 185 5424 ρῠίῡ
203 5371 272 5414 reete
288 5367 482 5413 matrimonium
500 5364 660 5425 ueluuptias
676 5362 813 5422 eonas-ati,
833 5362 968 5409 dummodo
1005 5373 1045 5406 me
1056 5360 1218 5419 emancipato
1241 5362 1314 5407 iiiam
1340 5360 1366 5408 in
1384 5364 1512 5419 potestate
1529 5358 1683 5422 retinuerit,
1707 5358 1851 5419 poterimus

69 5438 163 5478 aa!
181 5432 257 5480 tillus
268 5435 346 5481 ducat
358 5447 476 5492 uxorem,
488 5432 530 5479 uel
541 5432 648 5479 liliatali
658 5432 744 5494 nubat,
756 5429 968 5477 cuiuseouditio-
1005 5425 1077 5485 iungi
1090 5428 1264 5474 matrimonio.
1301 5430 1324 5488 ι.
1340 5429 1361 5473 1.
1377 5426 1851 5486 ltaquevolentiqenerumatopmre,

60 5502 160 5544 aren
197 5506 293 5549 eertum
304 5502 340 5549 ιιι
349 5505 448 5561 patrem
461 5510 513 5545 oon
525 5498 726 5557 repudiaturum.
1005 5493 1137 5554 suadetur,
1148 5499 1175 5541 ut
1184 5495 1263 5541 liliam
1274 5494 1432 5554 emancipet,
1442 5494 1565 5542 similiter
1575 5493 1696 5541 suadetur
1707 5492 1740 5553 ei,
1751 5492 1793 5549 qui
1803 5505 1851 5537 uu-

140 5555 235 5613 xta.
253 5568 500 5629 Ulpianuaiibro
515 5565 614 5613 XXVI.
626 5567 663 5611 ad
674 5565 804 5613 Sabinam.
821 5563 849 5612 Sl
861 5577 910 5624 qua
921 5562 968 5611 ml·
1005 5573 1061 5606 rum
1081 5561 1146 5608 velit
1169 5564 1306 5625 adoptare,
1328 5567 1356 5608 nt
1377 5563 1521 5622 emancipet
1541 5561 1630 5609 filium.
1668 5558 1849 5619 §.amintam

66 5632 114 5683 u
125 5640 231 5680 uxor
244 5636 306 5697 init,
318 5637 411 5685 deinde
422 5648 438 5681 ι
448 5649 489 5682 me
499 5633 634 5694 repudiata
644 5633 732 5691 nupsit
742 5633 818 5696 Seio,
834 5645 907 5693 quem
920 5644 968 5689 eqo
1006 5640 1107 5686 quoque
1118 5634 1143 5676 et
1152 5633 1326 5685 materteram,
1338 5629 1398 5677 item
1408 5643 1523 5689 magnam
1536 5641 1637 5686 quoque
1648 5626 1749 5673 amitam
1760 5627 1786 5672 et
1797 5637 1851 5669 ma·

77 5703 366 5768 pontesirrogavt,
384 5717 436 5750 noo
454 5704 516 5749 sunt
532 5702 638 5760 nuptiae
658 5701 782 5750 incestae.
817 5702 840 5759 p.
856 5702 877 5746 l.
898 5701 970 5746 inter
1004 5699 1129 5743 terteram
1141 5711 1256 5756 magnam
1268 5697 1432 5756 prohibemur
1443 5694 1660 5751 uxoremdueere,
1674 5691 1850 5751 quamvisms-

76 5784 145 5821 sne
172 5768 342 5835 ‘tapetium
358 5771 441 5833 patris
456 5770 507 5819 mei
523 5769 629 5831 nuptiae
646 5769 764 5817 contrabi
781 5780 833 5816 non
850 5771 968 5830 possunt,
1005 5762 1333 5825 qnasmttaetmaternra
1353 5767 1446 5826 quarto
1463 5761 1619 5825 gradnsint.
1650 5756 1743 5814 Utique
1765 5760 1850 5803 autem
