4336 6424
330 433 416 491 otti.
445 428 561 490 alivi.
587 430 615 488 2
660 430 719 489 bit
753 429 1090 489 devertentium
1127 430 1182 489 iii*
1219 430 1623 495 bletdtflt‘rtottiitbe.
1798 435 1855 495 oti

109 575 407 640 deduciobiigstioneru,
419 577 503 640 putat.
527 572 966 642 pteentqmdnbeonttoo-
1053 573 1162 639 illisit.
1179 575 1402 640 Papirianae
1412 576 1482 631 Itdre
1493 577 1549 629 III.
1560 578 1765 642 mammonas.
1796 577 1857 631 aa.

110 667 143 702 oe
155 650 270 709 debetur,
291 660 356 708 pore
376 647 434 705 qnia
453 643 568 694 novandi
585 658 665 693 caasa
679 644 833 709 stipuletur,
849 658 886 693 ue
896 657 967 695 nunc
998 645 1115 694 tarnem
1128 645 1266 707 detegente
1273 647 1415 695 ruditum
1425 648 1560 710 pecuniam
1570 649 1609 698 ite
1619 649 1762 710 promittit:
1783 648 1859 713 paid-

110 719 210 784 qnidem
221 715 308 763 statim
319 717 409 778 uorat,
420 716 482 764 lieet
489 727 558 777 pura
567 712 707 773 stipulatio
718 713 819 775 aliquid
829 715 916 774 egicae
927 712 967 760 vl·
1002 713 1066 775 patd
1074 727 1110 762 ea·
1120 716 1222 762 oeadto
1232 717 1401 780 Inrefucero
1412 724 1526 781 opertet,
1536 719 1681 771 novatione
1687 720 1786 781 mcum,
1795 730 1860 767 usa·

111 790 210 845 deutur,
222 787 267 832 scd
278 788 340 833 tune
350 784 468 845 novabit,
484 795 562 841 quom
572 781 706 829 esetiterit
716 781 848 843 eouditlo;
869 781 965 829 etenim
1001 793 1045 831 ras
1055 782 1143 830 neubi
1152 784 1336 842 postiosecuti
1349 785 1474 847 temporis
1484 786 1570 835 timet.

110 854 241 905 exsistens
256 853 374 901 conditio
387 853 494 913 primam
511 848 710 911 stipulationem
722 849 875 905 committit,
891 862 965 897 cesa·
1052 849 1173 903 xxviii.
1190 852 1208 897 1
1214 852 1281 898 dem
1295 853 1363 900 libro
1382 850 1419 899 11.
1433 852 1627 914 Definitionum.
1662 854 1781 905 Funduna
1791 852 1858 903 Cor·

109 923 264 981 missamque
276 920 304 968 in
315 921 454 969 secundam
465 919 600 966 mnsiert.
621 918 656 964 iit
667 916 727 965 ideo
737 917 760 964 si
769 917 842 965 torte
851 928 966 978 perenne
1000 917 1135 965 omanem
1145 918 1297 979 stipulatus,
1307 922 1397 979 quanti
1405 921 1504 971 iondno
1515 927 1555 969 est
1566 926 1658 984 poetes
1667 923 1790 985 stipulor,
1826 922 1856 971 81

109 990 276 1052 promissoris
301 990 430 1049 pendente
450 986 604 1034 conditione
621 985 702 1033 luerit
722 985 874 1046 deportate,
894 987 966 1033 dier·
1001 986 1181 1039 munerandi
1192 988 1280 1037 animo
1291 990 1403 1037 reconde
1412 990 1550 1052 stipulatio
1561 994 1630 1041 tecte
1640 996 1690 1056 ert,
1711 994 1858 1042 nessatnu·

109 1060 191 1107 cetius
202 1055 309 1119 scribit,
331 1055 477 1117 nequidem
488 1054 635 1103 exsistente
646 1052 800 1102 conditione
808 1054 889 1102 uitam
899 1067 966 1102 eoa-
1002 1055 1083 1116 vatia,
1105 1056 1219 1104 secunda
1230 1069 1293 1107 vero
1313 1058 1451 1118 stipotctio
1467 1063 1555 1124 tenet,
1576 1074 1610 1108 es
1622 1072 1671 1119 qua
1683 1073 1736 1111 nnn
1747 1058 1855 1123 luridos,

107 1128 212 1187 tingere
223 1126 401 1187 novationem,
411 1124 534 1183 quoniam
545 1135 624 1186 nanc,
635 1122 826 1180 qaumosstitlt
837 1120 965 1185 conditio,
1001 1123 1045 1172 sed
1067 1123 1178 1184 pecunie
1198 1124 1315 1173 debetur.
1351 1128 1442 1187 ltaque
1453 1128 1475 1175 si
1495 1141 1555 1177 rena
1566 1128 1737 1189 promittendi
1747 1128 1855 1179 tondum

108 1208 162 1244 aeu
173 1199 214 1243 est
226 1206 348 1254 persone,
360 1205 427 1251 quae
439 1192 580 1253 obligetur.
1000 1191 1095 1255 seint,
1116 1193 1232 1242 seconde
1248 1192 1385 1254 stipulatio
1403 1196 1460 1247 inre
1471 1209 1526 1247 uon
1545 1198 1666 1255 tollitur,
1686 1211 1736 1246 nec
1746 1197 1769 1243 si
1778 1196 1856 1245 litem

160 1259 773 1322 XV.1ssiioausItdreIIIII.Bigestor-ssn.
809 1258 966 1306 dimeditor
1000 1264 1074 1308 actor
1084 1273 1117 1307 ex
1129 1262 1212 1321 prima
1224 1266 1402 1324 contestetur,
1423 1265 1534 1326 denique
1549 1265 1659 1314 meliore
1672 1264 1857 1315 reideteriore

106 1343 219 1394 puerum
231 1330 371 1390 stipulatus
382 1329 472 1392 luerit,
484 1329 507 1376 si
515 1328 551 1376 'sd
562 1328 629 1376 diem
640 1327 750 1389 pecuina
760 1327 850 1376 seinte
859 1339 913 1374 nou
923 1338 964 1375 es·
1001 1330 1071 1391 tacto
1081 1328 1139 1377 rioe
1149 1330 1225 1389 eulpa
1236 1329 1364 1381 debitoris
1374 1336 1467 1399 postee
1476 1334 1566 1395 modo,
1576 1344 1700 1397 praesens
1707 1331 1856 1383 aestimatio

107 1403 157 1463 set,
165 1399 311 1448 novatione
321 1400 392 1446 iacta
402 1410 455 1445 nen
466 1397 646 1445 committetur
656 1396 803 1457 stipulatio.
1000 1397 1081 1444 tundo
1092 1398 1175 1457 petito
1184 1402 1257 1447 recte
1267 1401 1465 1460 consideratum
1483 1402 1512 1449 in
1523 1402 1609 1450 nitere
1618 1415 1682 1451 nero
1692 1412 1724 1451 ee
1734 1399 1856 1453 uotiua·

156 1466 228 1515 xvi.
247 1463 870 1515 stercerseeenororrrr.1mneenmea
901 1463 964 1511 Ser·
1001 1464 1038 1512 tio
1051 1465 1134 1523 venit,
1150 1478 1215 1524 qnae
1225 1468 1354 1517 mcuudae
1365 1469 1545 1530 stipniassunis
1558 1474 1674 1531 tempore
1685 1469 1743 1521 tuit.

106 1546 200 1584 ausue
217 1535 376 1595 peculiarem
394 1534 496 1592 quidem
516 1531 705 1594 obligationem
723 1532 791 1580 citra
802 1531 964 1580 uoluntatem
1048 1530 1145 1580 iim.
1162 1532 1296 1589 Poenius
1320 1537 1388 1586 dibre
1408 1536 1508 1587 mr.
1530 1540 1726 1600 memnonem.
1770 1536 1857 1587 Attae

106 1604 207 1653 domini
219 1616 319 1653 novare
329 1606 424 1664 potest,
435 1599 878 1665 sedediicitpotiosobiigstionen,
889 1612 964 1659 queas
999 1611 1102 1648 causam
1114 1614 1172 1649 esse
1182 1603 1334 1652 nmstlouis
1349 1605 1532 1668 uoluntariae,
1552 1606 1631 1655 eliam
1647 1603 1738 1657 indicii
1748 1605 1856 1670 accepti,

105 1674 243 1739 pristinem
256 1675 345 1721 norat.
999 1668 1084 1716 muita
1094 1670 1214 1731 exempla
1224 1673 1375 1723 madunt.
1400 1673 1473 1723 Perit
1485 1675 1554 1722 enim
1567 1673 1737 1736 priuilegium
1748 1673 1818 1722 dotis
1828 1676 1857 1721 et

157 1742 240 1789 111111.
260 1741 430 1801 Illpteaee
447 1741 515 1788 libro
529 1738 609 1788 rm.
620 1735 801 1786 cdssdieresi.
834 1736 965 1809 Delegare
1000 1737 1113 1797 tutelae,
1135 1738 1157 1784 si
1169 1744 1228 1800 post
1238 1741 1381 1791 diuortium
1392 1744 1440 1792 dos
1455 1742 1483 1790 in
1494 1743 1691 1805 stipulationem
1702 1741 1857 1799 deducatur,

105 1811 239 1873 scriptura
258 1810 302 1858 rel
321 1811 397 1874 autu,
417 1806 461 1855 ubi
478 1808 529 1856 ieri
545 1820 601 1855 uon
619 1809 717 1867 potest,
736 1805 881 1853 debitorem
891 1816 964 1851 suum
1000 1805 1042 1853 vei
1054 1808 1113 1864 post
1124 1808 1287 1865 pobertetem
1297 1812 1397 1860 tutelae
1407 1811 1478 1859 aetio
1488 1816 1610 1875 novetur,
1632 1810 1695 1859 alid
1705 1808 1857 1871 specialiter

105 1880 166 1943 pute
177 1882 274 1940 potest.
999 1876 1084 1920 artum
1095 1876 1144 1921 ost·
1170 1877 1246 1933 Quod
1256 1890 1334 1925 nemo
1345 1879 1445 1928 dixerit
1456 1879 1505 1927 iile
1516 1881 1678 1938 contestata3
1689 1890 1775 1940 neque
1786 1877 1857 1926 enim

156 1947 253 1995 xviii.
272 1945 398 1994 Paulas
414 1943 482 1991 dibre
494 1940 582 1989 WII.
598 1940 636 1988 od
647 1941 779 1997 Edam.
813 1938 964 1988 Neratium
999 1941 1155 1989 deteriorem
1166 1957 1269 1995 unum
1289 1951 1405 1997 noemam
1422 1947 1531 1997 Munna
1548 1948 1678 1996 munnam
1689 1948 1856 2010 exercentes,

104 2014 228 2077 legitime
243 2014 312 2061 tecta
329 2008 649 2073 liberenturirypotbecse
664 2007 810 2073 «pignos,
831 2012 964 2056 etnsnrae
999 2010 1044 2057 sed
1056 2009 1198 2074 meliorem,
1219 2017 1247 2059 ut
1258 2013 1327 2066 uolet
1338 2016 1390 2065 dici
1399 2016 1428 2069 io
1438 2015 1480 2065 bis
1489 2015 1646 2080 actionibus,
1663 2026 1728 2081 puae
1736 2016 1856 2079 ternpore
1930 2012 1939 2025 '

103 2094 161 2133 non
176 2086 297 2131 currum.
1000 2078 1041 2125 tei
1053 2078 1137 2126 morte
1146 2076 1218 2127 finiri
1229 2086 1347 2141 possunt.

155 2150 230 2202 xlx.
249 2151 339 2198 Idem
355 2149 424 2196 roro
434 2144 723 2194 LXIX-admotam·
755 2142 818 2193 nott
829 2143 962 2207 exceptio,
1048 2144 1132 2193 1111.
1149 2142 1573 2212 soeeuoromeipmoema.
1594 2148 1854 2213 nminetopoetter

104 2233 172 2285 qnae
184 2223 289 2280 poteret
300 2215 432 2277 deleganti
443 2214 645 2275 oppooi,cesset
655 2213 683 2260 iu
694 2212 962 2277 persuasereditoris,
999 2215 1021 2263 si
1038 2214 1154 2262 creditor
1173 2229 1190 2264 a
1209 2218 1367 2279 Sempronio
1383 2221 1500 2275 novuti
1515 2221 1603 2271 animo
1621 2220 1855 2282 stipuletuseetet,

103 2288 148 2337 cui
162 2286 426 2349 quisdeiegetnseet.
461 2283 584 2343 idemque
597 2286 639 2330 est
650 2280 820 2330 etinceteris
832 2281 961 2328 similibus
999 2283 1036 2330 ita
1047 2286 1102 2330 ute
1113 2282 1197 2346 prime
1208 2286 1372 2347 obligatione
1383 2288 1410 2341 in
1423 2288 1575 2338 uoineranm
1586 2288 1772 2352 discederetur,
1793 2299 1854 2337 rur-

104 2355 319 2415 exeeptionibuo,
331 2353 409 2400 immo
420 2355 447 2399 et
459 2352 485 2397 in
495 2364 535 2419 ea,
545 2363 649 2408 queeex
659 2349 963 2398 senatusconsnitodlio-
999 2363 1042 2398 sua
1053 2351 1156 2400 easdem
1166 2365 1209 2401 res
1220 2357 1393 2417 eposteriore
1408 2357 1528 2409 debitore
1546 2357 1604 2405 sine
1613 2368 1745 2407 nonnoso
1754 2353 1855 2419 prioris

103 2423 221 2474 Iamiliss
233 2423 318 2470 dator.
336 2420 401 2469 Nam
412 2420 536 2469 adversus
546 2418 710 2476 creditorem,
721 2418 763 2466 cui
775 2418 910 2479 delegatus
922 2422 962 2465 est
999 2418 1111 2479 obligari
1124 2432 1177 2467 non
1190 2434 1275 2482 posse.

103 2493 198 2557 deo,
220 2491 264 2549 qni
276 2494 391 2538 mutuum
403 2488 539 2548 pecuniam
549 2492 643 2535 eurora
653 2484 907 2536 senatusconsultum
916 2486 962 2533 de·
1043 2486 1139 2535 dlxxi.
1162 2488 1424 2551 Venuleiaeltiro
1442 2493 1724 2554 nummulorum-n
1760 2488 1853 2541 elren

104 2561 189 2621 deret,
207 2572 261 2606 uon
273 2562 363 2606 utetur
372 2558 539 2617 exceptione,
560 2554 622 2615 quis
632 2555 699 2621 nibil
709 2555 738 2602 io
748 2568 780 2606 ea
790 2555 963 2615 promiseiooe
998 2554 1113 2615 aliquam
1123 2556 1179 2603 dari
1191 2558 1332 2618 stipulatus
1342 2560 1400 2624 sim,
1421 2562 1514 2610 deinde
1525 2562 1631 2609 eandem
1642 2561 1689 2608 ιώ
1699 2560 1853 2611 eonditiona

103 2632 202 2677 contre
213 2625 469 2675 senatnecooruitum
481 2627 579 2673 lactem
597 2628 652 2684 est,
676 2623 787 2684 ideoque
797 2623 865 2682 quod
875 2622 962 2671 eolre·
1000 2623 1114 2671 uorandi
1126 2623 1214 2673 enimn
1226 2629 1261 2674 eb
1272 2628 1364 2681 eodem
1380 2629 1505 2691 stipuler,
1524 2641 1631 2679 mouere
1640 2631 1748 2688 oportet
1759 2640 1814 2677 reru
1825 2629 1854 2677 ia

101 2697 149 2761 rit,
172 2701 294 2757 repetere
304 2708 357 2743 uon
370 2700 475 2754 potest3
488 2695 568 2739 remo
579 2692 661 2752 megia
669 2690 710 2752 ot,
730 2692 798 2749 uuod
809 2692 852 2739 iric
862 2705 910 2739 nec
921 2703 963 2737 so·
998 2692 1076 2739 reboo
1087 2691 1216 2757 iunianis,
1229 2698 1258 2742 ut
1269 2696 1406 2747 onustiori
1418 2698 1491 2747 locus
1502 2696 1544 2759 rii,
1556 2695 1642 2747 nisisi
1653 2709 1701 2757 per
1728 2697 1854 2747 remisso·

100 2766 190 2814 lotum
201 2771 321 2825 repetere
332 2767 426 2823 potest.
451 2760 680 2809 momumento
693 2758 813 2822 muliere,
825 2771 963 2819 qoeecon-
997 2772 1053 2808 rem
1063 2760 1184 2825 steterit,
1205 2774 1257 2822 quo
1268 2765 1354 2816 minus
1365 2765 1447 2813 ieret.
1483 2765 1597 2827 Ideoque
1614 2711 1777 2813 dnonfnem
1790 2763 1853 2813 mibi

101 2839 146 2882 trs
156 2833 416 2881 senatoecorrsuttom
428 2828 564 2890 promisit,
584 2840 642 2876 nem
653 2833 679 2876 et
689 2826 717 2873 iu
728 2828 840 2876 ucuuda
852 2826 963 2888 promis·
998 2827 1059 2875 dare
1069 2832 1097 2877 ie
1107 2832 1237 2895 oportent,
1248 2835 1275 2880 et
1286 2832 1314 2879 in
1324 2846 1398 2885 more
1408 2832 1498 2896 tueris,
1519 2846 1571 2897 quo
1581 2832 1667 2881 minos
1678 2833 1762 2895 dares,
1773 2832 1854 2881 etiam

101 2902 181 2951 sione
193 2902 351 2949 intemerato
361 2904 410 2948 est.
439 2901 560 2958 idemque
570 2901 610 2943 est
619 2897 649 2942 in
660 2895 775 2959 minore,
797 2895 842 2957 qui
852 2895 963 2945 circum·
998 2896 1120 2947 Mundo
1131 2910 1163 2946 eo
1173 2900 1287 2961 tenerts;
1308 2903 1335 2949 et
1345 2902 1367 2948 si
1379 2902 1460 2963 prius,
1471 2915 1545 2963 quem
1557 2901 1703 2957 decederet,
1713 2913 1791 2958 quom
1800 2901 1853 2951 lare

102 2970 219 3031 scriptus
230 2970 372 3028 delegatur,
385 2966 447 3025 quia
457 2966 479 3013 ni
491 2966 571 3013 etiam
582 2977 651 3011 nuuc
660 2964 746 3012 minor
752 2968 801 3027 est,
808 2976 903 3012 runos
911 2963 962 3010 cir·
998 2978 1071 3012 more
1083 2966 1152 3013 tacte
1162 2965 1205 3022 sit,
1216 2969 1440 3029 condemnandi>
1451 2970 1605 3021 conditione
1615 2968 1758 3030 stipulatus
1767 2968 1854 3032 luero,

101 3038 281 3088 eumuenitnr.
314 3037 450 3083 Direrenm
462 3031 734 3095 est‚sibsnexoesait
744 3037 855 3082 aetatem
867 3032 961 3093 viginti
998 3036 1853 3102 etservuspostasdeeesserii,deindecooditioexstiterlt,quum

99 3107 221 3167 quinque
233 3117 378 3161 annorum,
400 3104 518 3165 quamvis
527 3099 610 3148 adbuc
619 3101 703 3162 possit
718 3101 825 3149 restitui
836 3101 962 3149 adversor
998 3100 1049 3149 ism
1069 3115 1103 3149 cx
1123 3101 1249 3163 stipulatu
1268 3105 1398 3165 obligatos
1416 3120 1447 3157 es
1462 3106 1537 3169 mibi,
1557 3104 1783 3165 novatio-quoque
1799 3104 1852 3153 det.

99 3175 222 3236 priorem
234 3172 397 3221 creditorem.
434 3172 494 3218 ideo
510 3172 596 3217 antem
610 3169 775 3229 denegentur
792 3170 963 3231 exceptiones
998 3171 1021 3234 1,
1037 3171 1058 3217 1.
1070 3169 1099 3217 Si
1110 3170 1161 3221 dun
1173 3171 1212 3219 rei
1222 3172 1365 3234 stipuiaodi
1376 3174 1439 3239 sint,
1451 3186 1485 3220 un
1496 3174 1563 3223 aiter
1574 3174 1616 3221 ios
1627 3173 1852 3235 novendihabeat,

100 3244 236 3291 adversus
247 3243 387 3289 recondom
399 3239 566 3299 creditorem,
585 3238 647 3294 quia
658 3238 686 3284 in
699 3238 810 3298 privatis
820 3237 964 3286 contracti·
998 3239 1144 3298 quaeritur,
1161 3242 1188 3287 et
1198 3241 1260 3297 quid
1269 3242 1337 3290 ioris
1348 3242 1524 3307 unnsquisque
1534 3241 1585 3291 sibi
1594 3240 1765 3299 acquisieriii
1784 3240 1852 3288 Fere

98 3312 147 3359 bus
158 3317 187 3359 et
199 3310 365 3370 pactionibus
376 3320 430 3354 non
442 3307 518 3354 Incite
526 3303 597 3353 scire
608 3306 706 3366 petitor
716 3311 810 3370 potest,
821 3306 883 3367 qnid
893 3307 964 3353 inter
998 3313 1083 3354 eutem
1095 3308 1228 3371 convenit,
1248 3312 1274 3358 et
1284 3311 1329 3357 uni
1340 3316 1411 3359 recte
1423 3310 1506 3372 notui,
1528 3314 1555 3360 et
1566 3323 1647 3359 uuum
1658 3308 1686 3357 in
1697 3307 1854 3424 iodiciope.

100 3393 171 3438 enm,
183 3377 231 3440 qui
243 3376 377 3437 delegatos
388 3379 437 3435 est,
448 3378 474 3425 et
488 3375 631 3423 debitorem
641 3378 725 3422 odom
735 3378 784 3436 cat,
795 3378 840 3425 aut
851 3373 930 3422 etiam
941 3373 962 3421 si
999 3378 1096 3424 tentem
1106 3379 1189 3423 toturn
1199 3391 1253 3426 rem
1264 3377 1290 3425 in
1302 3377 1375 3427 litem
1386 3378 1531 3444 deducere,
1550 3378 1614 3427 item
1624 3378 1701 3427 nnius
1712 3379 1800 3437 accept
1812 3376 1853 3423 ia·

100 3448 182 3511 sciat,
195 3445 362 3495 diaaimuiare
373 3444 456 3505 debet,
473 3457 507 3491 ne
517 3441 637 3491 curiosus
648 3443 783 3503 rideatur;
803 3446 829 3491 et
839 3443 899 3490 ideo
910 3457 963 3491 mc·
998 3444 1071 3493 tione
1081 3442 1173 3503 perimi
1184 3446 1321 3505 utriusque
1331 3447 1529 3507 obligationem.
1549 3447 1590 3494 lix
1602 3444 1695 3504 quibua
1706 3445 1851 3507 colligitur,

1902 292 1908 333 1

102 3516 160 3564 ι-11ο
175 3514 381 3573 denegandeest
393 3513 516 3559 adversm
535 3524 594 3559 eum
610 3512 733 3572 exceptio
750 3512 963 3573 espersonadc-
998 3524 1205 3572 unumquemque
1216 3514 1324 3574 perinde
1334 3515 1384 3562 sibi
1394 3515 1546 3578 aequiaisae,
1557 3528 1588 3567 se
1599 3513 1852 3573 sisoiosstipoletoa
1956 3537 1961 3545 ·

98 3584 209 3633 biteris.
998 3583 1077 3644 esset,
1088 3583 1198 3641 exeepto
1209 3595 1251 3645 eo,
1262 3583 1329 3645 qnod
1340 3583 1419 3632 eliam
1429 3584 1500 3632 iacto
1510 3582 1575 3642 eius,
1586 3595 1643 3631 com
1654 3595 1706 3642 qno
1717 3592 1852 3630 commune

148 3652 211 3699 xx.
231 3646 717 3698 incontaminatum.
753 3648 859 3696 iterare
870 3657 963 3709 possa·
998 3649 1039 3696 ior
1050 3648 1202 3708 stipulanti·
1213 3654 1268 3715 ert,
1288 3652 1407 3702 amittere
1417 3651 1561 3701 debitorem
1575 3652 1672 3712 pateat.
1706 3650 1852 3699 Secundum
1929 3650 1933 3657 ⁴
1986 3617 1998 3631 Ι

98 3732 160 3768 mus
172 3723 220 3768 eut
231 3718 290 3783 ipsi,
301 3717 324 3765 si
335 3718 376 3765 soi
389 3717 455 3765 iuris
466 3729 563 3778 sumans,
575 3720 620 3762 aut
630 3729 678 3776 per
686 3715 762 3780 elios,
774 3716 818 3775 qui
827 3716 963 3765 volontate
998 3731 1062 3777 qnae
1073 3717 1096 3762 si
1108 3729 1175 3765 uuus
1185 3718 1217 3765 ab
1229 3719 1317 3781 eiipno
1326 3720 1476 3783 stipuletur,
1488 3720 1632 3771 novatione
1642 3731 1744 3779 quoque
1754 3717 1853 3766 libera·

99 3787 380 3847 nostraetiputaotor.
414 3787 439 3849 p.
455 3789 477 3834 i.
499 3784 962 3846 Popiliussinetutoriaanctoritate
998 3785 1232 3835 reeomabaitero
1244 3788 1352 3852 poterit,
1371 3788 1466 3841 numid
1477 3786 1701 3851 specielitcragit‚
1716 3784 1854 3849 canogio,

99 3875 157 3910 non
171 3861 385 3922 potestnovaro3
408 3856 586 3917 totorpotest,
607 3853 630 3901 ei
650 3854 700 3903 boe
716 3854 817 3915 popilio
829 3852 962 3918 expediat,
998 3866 1076 3915 quum
1092 3866 1149 3901 mm
1166 3856 1362 3915 stipulationem
1380 3854 1492 3906 similem
1507 3869 1564 3905 esse
1575 3853 1704 3905 solutioni
1715 3852 1852 3902 existima-

98 3931 166 3979 item
177 3928 335 3987 procurator
347 3923 460 3972 omnium
475 3924 612 3970 bonorum.
998 3936 1068 3984 mos3
1088 3920 1206 3989 alioquin
1218 3923 1279 3982 quid
1290 3926 1423 3989 diceneus,
1444 3925 1467 3973 si
1478 3938 1545 3972 unns
1554 3921 1715 3985 delegaverit
1725 3920 1852 3971 creditori

149 3994 226 4042 xxi.
244 3992 448 4054 Pomponiae
466 3991 534 4038 liiro
552 3991 625 4037 I.cs·
636 3988 749 4041 I'Ioatio.
780 3988 808 4038 Si
820 3989 963 4038 debitorem
998 4004 1045 4039 suo
1063 4002 1224 4041 communem
1240 3993 1395 4054 debitorem,
1414 3993 1488 4052 isque
1503 3996 1535 4042 ab
1552 4006 1584 4043 eu
1600 3989 1857 4053 stipulatosiuel'ttt

101 4077 194 4113 meum
207 4062 309 4121 iussero
321 4059 368 4108 tibi
380 4058 493 4121 soluere,
514 4071 568 4106 non
580 4058 670 4106 statim
682 4062 711 4104 tu
723 4057 802 4106 etism
812 4057 962 4118 stipulando
998 4062 1043 4109 aut
1054 4059 1148 4108 mulier
1158 4061 1265 4109 tondum
1275 4061 1384 4110 inruerit
1395 4061 1450 4109 doti
1460 4062 1614 4121 promittere
1625 4060 1694 4122 uiro,
1706 4058 1852 4117 rciouptu-

100 4132 130 4180 id
142 4143 246 4179 novare
257 4130 351 4190 possis,
373 4127 490 4187 quamvis
501 4126 605 4175 debitor
615 4126 742 4175 uoluendo
753 4124 800 4174 tibi
811 4126 946 4174 liberetur.
998 4140 1028 4175 re
1039 4126 1089 4188 ipsi
1102 4126 1158 4176 deti
1169 4129 1406 4191 compromiseriti
1427 4141 1488 4179 uam
1506 4129 1610 4181 debitor
1621 4128 1653 4174 ab
1664 4125 1853 4186 utroquelibe-

154 4199 245 4249 XXii.
265 4198 334 4245 Pois
342 4197 396 4245 ies
405 4193 556 4243 tioroxsr.
567 4194 750 4244 edfloatiess.
762 4193 789 4241 81
802 4194 860 4252 quis
870 4193 963 4243 sbsem
998 4195 1107 4243 rebitur.

99 4273 130 4318 te
142 4284 186 4317 me
198 4280 214 4314 a
225 4267 343 4315 debitore
353 4278 411 4312 men
422 4262 563 4324 stipulatus
580 4264 615 4312 sit
627 4262 742 4311 nouandi
753 4262 855 4327 mimo,
875 4266 903 4310 et
913 4274 963 4322 ego
1043 4261 1155 4316 xxxix.
1170 4258 1297 4314 Poetae
1307 4265 1374 4321 diro
1385 4264 1411 4312 1.
1422 4264 1461 4313 od
1467 4264 1614 4314 mnenon.
1624 4263 1663 4312 Te
1673 4260 1814 4322 bominem,
1826 4262 1854 4308 et

71 4380 75 4389 .
98 4343 201 4399 postea
210 4340 295 4385 ratum
305 4335 430 4391 habuero,
440 4345 510 4380 novo
522 4331 719 4394 obligationem.
998 4329 1086 4379 Seium
1098 4330 1184 4379 decem
1194 4331 1258 4381 mibi
1270 4332 1330 4383 dare
1342 4334 1459 4394 opertet3
1475 4334 1588 4394 stipulor
1597 4333 1629 4380 ab
1639 4331 1726 4379 altero
1736 4328 1852 4377 novandi

152 4402 255 4452 1111111.
276 4402 476 4464 Pomponius
503 4401 571 4449 libro
596 4401 655 4449 III.
672 4414 708 4449 eo·
726 4398 843 4448 Pleume.
877 4392 964 4445 rinae
999 4398 1315 4461 eausaiterqaodtenet
1324 4400 1411 4449 Seium
1421 4402 1611 4461 dereopertet.
1646 4400 1789 4456 Utrumque
1802 4410 1852 4447 no-

98 4473 189 4535 patris
202 4471 332 4520 actionem
344 4471 484 4535 ignorante
495 4482 528 4522 eo
539 4481 638 4518 nouare
649 4481 702 4517 nno
714 4470 807 4528 potest.
999 4470 1084 4515 retur.
1120 4467 1231 4516 Paulos:
1248 4469 1353 4528 merito,
1364 4468 1426 4530 quia
1436 4471 1574 4528 utrumque
1584 4468 1613 4516 in
1620 4465 1797 4535 posteriorem
1807 4465 1851 4514 tia-

148 4539 248 4587 xxiv.
267 4540 286 4586 1
288 4541 306 4587 d
311 4553 356 4586 ess
367 4539 434 4585 tideo
448 4537 476 4585 V.
488 4551 524 4586 ex
532 4537 651 4586 Pinetie.
683 4536 800 4584 Noretio
811 4547 865 4582 nou
876 4536 963 4594 potent
998 4536 1102 4585 ducitur
1113 4534 1318 4595 stipulationem.

98 4606 541 4668 contingereexeastipiatione,
553 4618 619 4664 quae
632 4617 685 4651 noo
698 4603 881 4653 committitur.
910 4605 964 4652 Nee
1048 4600 1170 4657 xxxiii.
1193 4604 1523 4669 Trypdoaiaeetidro
1545 4602 1608 4653 VII.
1624 4602 1850 4664 Dispxtmioaesr.

99 4679 167 4726 huic
178 4675 342 4724 eontrarium
352 4677 406 4735 eat,
426 4674 509 4736 qnod,
531 4674 553 4722 si
564 4671 707 4734 stipulatus
718 4686 734 4719 a
743 4670 817 4720 'i'itio
828 4672 904 4721 tuero
914 4684 963 4720 uo·
998 4671 1027 4721 Si
1038 4671 1125 4719 Titius
1137 4672 1234 4720 donare
1246 4673 1309 4722 miisi
1318 4674 1419 4737 rodens,
1431 4673 1565 4734 delegatus
1576 4686 1592 4719 a
1602 4684 1651 4731 me,
1662 4670 1788 4721 creditori
1795 4683 1852 4718 tneo

98 4745 185 4796 vendi
199 4744 287 4791 animo
298 4742 345 4793 sub
356 4741 522 4799 conditione,
543 4742 609 4805 qued
628 4740 690 4791 milri
701 4740 870 4800 Sempronius
879 4740 963 4801 debet,
998 4739 1138 4801 stipulanti
1151 4742 1300 4805 rpopoodit,
1312 4756 1366 4790 non
1377 4742 1480 4791 babebit
1491 4742 1616 4791 adnereue
1626 4754 1683 4788 enm
1696 4738 1851 4788 iiiamosce-

101 4818 130 4865 et
142 4813 280 4876 pendente
291 4809 444 4859 conditione
455 4809 543 4857 Titius
553 4809 703 4872 decesserit,
714 4808 899 4870 quamvisaoto
907 4807 964 4855 adi·
998 4808 1125 4871 ptioocm,
1136 4810 1176 4865 nt,
1186 4814 1313 4867 quatenns
1322 4813 1411 4864 tacere
1422 4812 1520 4872 potest,
1527 4808 1730 4869 condemnetur;
1740 4805 1851 4855 named-

100 4887 157 4933 tam
171 4880 342 4929 hereditatem
349 4877 619 4935 conditioexstiterit,
631 4877 833 4937 novutiofieret3
845 4876 964 4929 irleenim
999 4890 1090 4926 uersus
1107 4890 1148 4924 me
1165 4877 1212 4924 tali
1224 4878 1377 4929 detonsione
1394 4878 1489 4928 merito
1500 4877 1634 4941 utebatur,
1655 4875 1717 4936 quie
1727 4874 1852 4925 donatum

100 4954 193 4999 morte
203 4945 372 5009 promissoris
382 4958 437 4993 nou
447 4946 627 5007 exstinguitur
637 4946 789 5010 stipulatio,
810 4945 855 4994 scd
866 4944 964 4995 nausii
998 4947 1030 4995 ab
1041 4959 1073 4995 eo
1083 4945 1211 5010 petebam,
1227 4949 1343 4999 creditor
1353 4952 1440 4996 sotem
1451 4945 1565 4994 debitum
1577 4942 1751 5007 persequitur.

100 5019 136 5068 ad
149 5017 286 5078 bes-edem,
304 5015 379 5063 euins
389 5026 528 5076 personam
537 5014 643 5071 interim
654 5014 786 5064 heredites
796 5013 920 5064 instinct.
1049 5012 1167 5065 XXXIV.
1188 5016 1232 5065 ee
1239 5015 1292 5065 tea
1302 5019 1370 5065 libre
1383 5016 1438 5063 111.
1448 5016 1479 5062 ria
1487 5012 1630 5065 Verborum
1641 5010 1850 5077 odtigntIoaiies.
1908 5016 1913 5023 '

155 5084 242 5133 XXV.
262 5086 301 5133 Co
309 5084 384 5131 taes
394 5082 462 5130 libro
472 5083 498 5131 1.
510 5083 689 5147 digestorum.
723 5084 783 5131 Non
795 5083 854 5131 idco
864 5096 965 5132 novere
997 5082 1119 5131 Dubitari
1130 5096 1184 5135 non
1195 5083 1280 5147 debet,
1302 5085 1365 5148 puin
1376 5084 1448 5139 diins
1458 5094 1590 5147 mruusre,
1605 5081 1647 5129 cui
1658 5079 1852 5129 administratio

102 5158 226 5203 vetarem
246 5151 436 5212 obligationem
453 5150 588 5212 qnisquam
598 5155 670 5201 recte
681 5156 778 5214 potest,
799 5152 868 5213 qood
880 5152 964 5203 inter·
1000 5151 1096 5217 peculii
1107 5151 1234 5213 permissa
1246 5154 1286 5201 est
1293 5188 1302 5213 ‚
1322 5152 1438 5201 novandi
1448 5164 1550 5213 quoque
1560 5149 1705 5212 peculiaria
1714 5148 1802 5198 debita
1811 5147 1852 5195 lua
1957 5178 1965 5195 .

100 5224 167 5271 dum
178 5223 253 5271 reete
264 5221 289 5270 ei
300 5219 428 5280 solvitur3
449 5233 509 5271 uam
520 5220 610 5278 ethis,
631 5219 676 5278 qui
694 5221 721 5267 in
732 5221 823 5268 nostre
833 5223 964 5280 potestate
999 5220 1106 5278 lrabeat,
1127 5219 1217 5277 ntique
1228 5222 1252 5269 si
1263 5222 1312 5282 ipsi
1324 5221 1493 5282 atiputontur,
1505 5217 1619 5267 maxime
1630 5218 1653 5266 sl
1664 5217 1744 5266 etism
1756 5215 1853 5265 melio·

100 5295 178 5353 aeut,
205 5289 273 5350 quod
293 5288 325 5337 ab
344 5288 386 5337 iris
406 5287 533 5341 creditum
548 5292 596 5354 est,
616 5291 685 5337 recte
696 5287 824 5337 interdum
841 5290 963 5352 solvitur,
999 5303 1054 5339 rem
1065 5300 1138 5343 auem
1148 5288 1326 5349 conditionem
1342 5305 1375 5339 eo
1387 5290 1467 5339 modo
1478 5287 1590 5348 lactem
1610 5300 1673 5338 nam
1688 5284 1801 5335 notum
1812 5282 1852 5330 le·

100 5373 185 5419 enom
198 5370 275 5406 nemo
286 5369 376 5410 eorum
385 5371 433 5419 per
442 5370 471 5407 se
486 5369 586 5407 novero
596 5357 712 5419 priorem
724 5355 912 5419 obligationem
923 5359 964 5408 io·
999 5359 1078 5406 beent
1088 5356 1228 5417 stipulari,
1249 5357 1379 5419 interest,
1400 5360 1486 5405 utrum
1498 5354 1611 5405 donandi
1622 5355 1710 5403 animo
1721 5353 1801 5400 atium
1812 5348 1852 5396 le·

99 5443 132 5477 re
142 5425 242 5489 possit.
999 5426 1076 5475 bearn
1085 5425 1216 5489 stipulari,
1227 5440 1261 5474 sn
1271 5430 1301 5475 nt
1311 5428 1361 5487 ipsi
1373 5424 1430 5477 tilio
1440 5437 1549 5475 seruere
1559 5423 1693 5484 negotium
1699 5420 1787 5481 gerat;
1800 5429 1851 5476 quo

155 5492 254 5542 xxvi.
274 5491 317 5540 Id
322 5506 366 5541 esi
378 5492 445 5542 libro
456 5494 513 5542 111.
525 5494 702 5558 Digeatarxsr.
741 5491 770 5542 dl
781 5492 813 5555 ta,
824 5494 867 5545 toi
878 5495 966 5545 decern
1000 5494 1106 5542 nomine
1118 5493 1198 5542 etiam
1210 5495 1324 5543 mandati
1336 5493 1404 5542 actio
1414 5493 1517 5553 peculio
1528 5491 1680 5554 aequiritur·
1696 5489 1720 5547 d·
1730 5486 1752 5533 l·
1764 5486 1853 5545 1⁴8³·-

99 5563 207 5623 Titios,
227 5561 373 5623 quindecim
385 5562 462 5610 Seius
482 5562 600 5623 debebet,
620 5561 651 5609 ab
662 5559 738 5610 Attio
753 5562 894 5622 stipulatus
914 5567 964 5627 est,
1000 5568 1054 5611 tom
1065 5562 1161 5617 lomoni
1172 5564 1218 5609 eoi
1229 5563 1332 5625 prodigi
1344 5565 1491 5611 curatorem
1502 5558 1617 5610 novandi
1629 5559 1670 5607 lua
1681 5554 1785 5611 babens
1803 5552 1853 5600 ¹¹¹5·

98 5629 232 5691 quoditie
242 5634 288 5679 not
298 5629 423 5688 quoditie
434 5630 534 5688 debeat,
549 5632 604 5679 dari
617 5629 677 5691 sibl,
694 5634 817 5678 novatum
828 5634 964 5689 utrumque
999 5631 1069 5681 nime
1079 5630 1249 5681 dubitandum
1260 5635 1314 5694 est,
1336 5630 1358 5678 si
1369 5631 1418 5683 ine
1429 5629 1531 5683 fumoso
1546 5628 1588 5677 rei
1599 5623 1711 5687 prodigo
1722 5618 1853 5681 expediat.

98 5714 160 5748 non
173 5702 224 5761 eet,
235 5698 280 5746 aed
292 5699 319 5746 in
331 5701 463 5758 potestate
473 5698 539 5747 Attii
552 5703 601 5759 est,
622 5710 670 5759 pro
681 5711 731 5758 quo
743 5697 808 5747 reilt
817 5697 928 5757 uolnere,
937 5703 965 5748 et
999 5702 1023 5762 ς.
1035 5702 1060 5747 ².
1081 5701 1114 5749 lu
1125 5711 1225 5748 sumnia
1235 5698 1389 5755 admonendi
1401 5710 1503 5761 numos,
1523 5696 1593 5744 nibil
1605 5695 1695 5743 vetare
1706 5702 1759 5737 nne
1767 5687 1855 5749 stipu-

98 5783 163 5818 oum
176 5767 302 5816 liberere.
338 5765 479 5827 Fingamus
497 5771 585 5816 antem
596 5767 636 5816 ite
651 5768 747 5826 aetum,
767 5770 795 5814 ut
806 5765 963 5817 alterutrum
997 5767 1100 5817 latione
1111 5768 1198 5828 plurcr
1206 5767 1382 5829 obligationes
1392 5767 1498 5829 novari,
1509 5762 1592 5812 veluti
1604 5760 1627 5809 si
1639 5757 1781 5819 itastipnie
1823 5766 1845 5808 ··1
1860 5778 1868 5806 ,ι

93 5836 193 5894 daret3
209 5848 270 5884 uam
279 5833 400 5896 alioquin
411 5839 547 5896 utrumque
557 5834 817 5898 stipulatnsridetur,
828 5836 964 5886 etutrum·
999 5837 1069 5900 psod
1080 5837 1177 5884 iitiaas
1187 5843 1214 5884 et
1224 5838 1312 5886 sedura
1322 5836 1461 5885 addidere
1471 5837 1589 5894 opertet,
1609 5828 1714 5877 lddoro
1724 5840 1798 5912 ἢ,
1832 5850 1850 5908 ’Ἰ
1915 5856 1933 5877 a

89 5918 146 5964 Ψ
157 5906 304 5967 1101811111,
314 5902 338 5950 ¹¹
347 5904 465 5954 ”Maedi
474 5904 563 5956 asiam
572 5906 623 5956 ioc
632 5904 687 5955 dat.
997 5904 1071 5955 bieet
1080 5904 1151 5956 euim
1162 5917 1197 5957 es
1207 5903 1320 5956 111οηί1
1331 5899 1526 6018 ww&
1538 5899 1645 5948 tuerent
1656 5895 1755 5958 obliget
1772 5913 1787 5948 a
1813 5917 1858 6004 fc,
1867 5921 1871 5962 ;
1888 5969 1896 5996 ,
1913 5929 1939 5984 .''
