4336 6440
345 391 400 447 ‘254
768 386 851 441 DlG.
881 386 995 438 Xlllll.
1024 384 1049 436 3.
1094 384 1151 436 Dli
1187 380 1303 434 Laeta
1340 378 1644 434 contristamus.

248 528 254 537 '
347 532 384 577 ita
395 529 495 576 demum
506 536 595 573 rernm
604 526 653 583 est,
669 523 691 568 si
703 521 782 569 variis
792 522 883 582 pretiis
892 522 1189 582 partessuasdistrsxa-
1223 520 1326 573 addicto
1336 520 1358 568 sl
1369 524 1460 580 postea
1471 519 1584 578 pretium
1606 519 1734 568 adiectum
1753 525 1804 585 est,
1823 528 1848 574 et
1863 531 1971 581 renatam
1988 536 2033 585 elis
2129 526 2132 533 Δ

346 602 417 650 ruat,
1082 631 1085 637 ,
1222 590 1302 636 tundo
1312 588 1450 649 applicito,
1471 601 1531 633 eum
1540 587 1623 644 ipsum
1633 588 1738 634 tundam
1749 594 1881 647 posteriori
1900 602 1980 647 emtori
1996 606 2033 649 ad.

394 661 453 707 ΧΠ,
472 655 801 716 PomponiusiiiroIX.
813 657 851 703 ad
860 656 991 704 Saisisuss.
1001 655 1060 705 Etsi
1068 657 1189 717 ‚dispares
1223 656 1305 715 dixit,
1323 660 1349 701 et
1361 655 1454 701 idaiae
1465 653 1603 701 dolomalo
1626 653 1702 715 tecit,
1721 656 1800 712 priori
1820 663 1907 707 emtori
1925 667 2033 725 alligatus

345 732 431 790 partes
442 723 607 772 vendentium
619 722 724 768 luerint.
1222 736 1275 769 non
1287 722 1347 769 erit
1382 723 1447 768 ltlam
1457 721 1572 777 quamvls
1581 732 1634 765 noo
1646 720 1672 767 ld
1682 725 1788 784 tantum,
1799 724 1864 783 quad
1874 727 1898 773 ia
1907 728 1966 777 diem
1974 734 2033 779 addi-

397 794 468 839 xrtr.
500 792 524 836 U
529 792 541 837 i
543 792 623 851 pias
631 802 669 837 us
680 790 745 835 nero
760 788 895 837 XXVIII.
907 791 944 837 ari
953 790 1084 838 Samis.
1099 792 1187 848 Quod·
1222 791 1365 848 diuiserat,
1376 790 1420 834 ssd
1430 787 1502 833 aliud
1513 800 1614 843 qnoque
1626 800 1682 835 cum
1693 800 1725 833 eo
1736 789 1852 852 venierit,
1867 796 1944 842 tamea
1953 797 1973 841 si
1982 811 2033 845 ven.

346 862 370 908 si
381 873 432 906 uno
443 857 530 917 pretio
541 854 712 913 vendiderint,
735 855 870 903 dicendam
878 860 929 913 est,
947 861 1028 905 totam
1039 858 1122 916 priori
1129 872 1186 903 em·
1222 856 1290 903 ditor
1301 854 1362 901 dolo
1372 858 1451 915 earet,
1459 853 1554 911 prioris
1565 853 1675 900 emtoris
1686 867 1762 901 causa
1770 856 1883 904 absolata
1891 865 1940 919 est,
1950 863 1971 908 id
1979 866 2035 913 eni.

344 932 399 973 tam
411 937 530 981 manere,
550 922 758 981 quemadmodum
768 921 790 967 si
802 923 858 982 quis
874 924 935 970 milri
947 928 1027 971 totum
1038 925 1145 971 landum
1154 925 1187 970 nd
1221 922 1305 969 solum
1316 921 1469 967 intuendum
1479 923 1530 977 est,
1540 933 1574 967 an
1584 920 1666 980 priori
1678 921 1806 969 venditori
1816 922 1881 972 botta
1889 925 1934 973 tide
1943 931 2000 976 taeta
2006 932 2035 976 eit

345 993 414 1039 diem
424 989 582 1049 addixisset,
601 993 692 1048 postea
705 1001 768 1035 vero
785 990 870 1048 pretio
884 990 985 1038 adiecto
996 991 1128 1037 dimidium
1139 990 1185 1035 alii
1218 988 1340 1035 adieetio.
1979 1026 1988 1051 ,

346 1057 485 1107 addixerit.
521 1056 610 1103 celsas
618 1068 720 1115 quoque
730 1056 797 1103 libro
812 1062 906 1103 octavo
916 1057 1081 1115 Digestorum
1096 1058 1186 1118 relert,
1269 1054 1326 1100 XX.
1347 1054 1565 1113 Papinianus
1587 1054 1656 1101 iiico
1675 1053 1732 1101 III.
1752 1054 1937 1114 Responssrun.
1975 1057 2036 1109 Prior

345 1125 476 1183 diarium,
499 1123 617 1184 Brutum,
638 1124 782 1170 Labeonem
800 1124 868 1181 quod
884 1125 1006 1170 Sabinum
1023 1123 1184 1170 existimare.
1219 1124 1302 1168 emtor
1312 1125 1371 1179 post
1382 1121 1519 1168 meliorem
1528 1120 1706 1169 conditionem
1715 1119 1834 1183 mutan,
1846 1121 1877 1168 als
1886 1126 2000 1182 manaim
2012 1129 2034 1172 ia

346 1195 403 1251 lpse
414 1202 514 1249 quoque
524 1189 615 1237 celsus
625 1189 692 1236 idem
704 1191 803 1249 probat,
817 1195 843 1235 et
853 1190 953 1237 adilait:
966 1190 1054 1237 mirari
1065 1202 1102 1249 se,
1112 1203 1128 1235 a
1138 1203 1185 1236 ne·
1219 1189 1329 1235 exordio
1340 1187 1471 1234 venditori
1483 1188 1514 1233 de
1524 1188 1608 1245 pretio
1619 1187 1746 1249 solutam,
1764 1192 1854 1234 cauus
1862 1191 1985 1237 seeundum
1994 1208 2036 1239 en-

344 1257 638 1321 mipearsimsdrersom,
659 1257 749 1312 quadri
760 1257 832 1314 prior
842 1261 926 1303 emtor
938 1257 975 1303 ita
985 1257 1127 1316 contraxit,
1147 1259 1184 1315 ut,
1219 1260 1300 1301 torem
1318 1255 1385 1302 eitra
1404 1253 1595 1312 delegationem
1613 1254 1671 1302 iure
1689 1255 1865 1315 stipulationis
1883 1254 2037 1316 interpositam

344 1324 396 1372 ulai
407 1326 500 1380 totum,
520 1323 628 1370 tandum
639 1326 734 1370 emtum
743 1324 828 1373 nollet
839 1323 940 1385 habere,
960 1336 1013 1369 nou
1023 1324 1116 1370 habere
1127 1335 1185 1369 eum
1207 1334 1297 1385 ‚cgere
1307 1334 1360 1369 aon
1369 1321 1465 1379 potest.

345 1406 401 1439 mm
411 1395 511 1448 partem
521 1393 623 1451 enum
643 1401 717 1446 uuam
729 1403 794 1439 unus
805 1403 839 1437 ex
851 1390 932 1436 sociis
942 1390 1081 1448 posteriori
1093 1389 1185 1436 emtori

344 1457 463 1504 addieere
474 1456 570 1503 noluit.
605 1458 631 1515 9:
640 1457 663 1502 l.
674 1458 767 1503 Veram
779 1460 818 1502 est
829 1460 922 1511 satem,
933 1457 975 1502 vel
988 1470 1066 1502 onum
1076 1469 1111 1503 ex
1123 1469 1186 1502 veo·
1549 1418 1642 1479 ΤῙΤ·
1662 1418 1728 1480 m·

345 1524 474 1573 ditorilrus
484 1537 560 1581 posse
571 1522 704 1569 meliorem
714 1525 807 1570 ndstra
817 1521 1007 1580 conditionem
1019 1536 1108 1571 emere
1118 1521 1187 1569 enim
1316 1564 1329 1578 ,
1399 1501 1450 1549 ⁰ss
1467 1502 1576 1549 LEGE
1595 1504 1884 1552 mmmmm&

344 1591 595 1637 comtotareetiam
607 1592 979 1648 neurampartemposmmae
1269 1586 1289 1633 l.
1304 1586 1546 1645 Uipianastiiro
1565 1585 1702 1633 XXVIII.
1722 1588 1759 1634 ari
1769 1587 1897 1635 damnum.
1928 1585 2039 1634 Silandos

392 1656 460 1703 Xll'.
478 1657 606 1703 Paulus
615 1659 681 1703 titre
695 1657 726 1703 V.
738 1658 775 1702 ad
784 1657 915 1703 Sabinum.
933 1656 961 1702 Si
973 1655 1095 1702 venditor
1106 1655 1186 1702 sima·
1220 1652 1398 1699 commissoris
1408 1653 1465 1712 lege
1477 1652 1599 1712 reaierit,
1610 1653 1754 1714 mapisest,
1764 1660 1794 1700 ut
1806 1656 1853 1701 sub
1863 1652 1998 1702 conditione
2006 1668 2040 1700 rs·

345 1724 442 1771 lorerlt
457 1723 590 1773 meliorem
605 1723 710 1769 allaim
727 1723 917 1783 conditionem,
937 1736 1012 1781 quam
1024 1722 1134 1769 minoris
1143 1723 1186 1769 vel
1220 1718 1289 1765 solvi
1299 1719 1388 1779 entia,
1400 1732 1473 1776 quam
1483 1720 1529 1765 aab
1540 1719 1689 1768 conditione
1699 1721 1819 1767 eontralsi
1830 1721 1949 1770 rideatur.

344 1790 422 1837 etiam
440 1789 566 1836 tantidem
580 1788 627 1834 alii
644 1790 784 1845 venderet,
812 1790 915 1848 utrique
924 1788 1017 1839 emtori
1036 1789 1063 1833 in
1075 1789 1186 1837 solidum
1269 1786 1587 1845 tll’arapeniaetitro
1602 1786 1901 1835 xxxmdSattnun.
1926 1787 2040 1832 cauven-

345 1856 544 1913 eritolrligstus.
578 1858 602 1914 p.
618 1856 915 1903 LSedaismtoraliam
931 1856 1186 1903 nouidoneamsab·
1221 1851 1372 1898 &tortundl
1384 1852 1650 1911 inlcgcitaetsrerit:
1670 1855 1694 1901 si
1710 1854 1746 1900 ad
1767 1855 1834 1902 dieas
1849 1855 1954 1915 perusia
1972 1852 2041 1899 salsis

345 1922 421 1984 iecit,
442 1922 516 1978 eiquo
526 1922 622 1967 fundus
631 1922 751 1969 addictus
762 1926 810 1983 eat,
828 1935 881 1968 noo
893 1922 979 1977 video,
994 1922 1087 1981 iaqait,
1098 1936 1186 1980 quem·
1220 1933 1269 1965 nan
1279 1919 1446 1982 erit,sundus
1455 1921 1619 1982 inaestuant,
1637 1919 1675 1966 ita
1683 1920 1812 1980 accipitur
1821 1922 1928 1968 inemtas
1937 1933 1986 1966 esse
1995 1920 2042 1965 tna·

343 1990 478 2036 admodum
489 1987 571 2046 priori
583 1988 719 2050 aitemtas,
729 2003 806 2047 quum
817 1989 1187 2049 uliareaditioetrerapostes
1221 1985 1276 2046 dua,
1289 1985 1312 2032 si
1323 1986 1444 2033 venditor
1454 1985 1579 2033 inemtnm
1589 2000 1648 2033 eam
1657 2000 1713 2034 esse
1725 1987 1798 2048 velit,
1818 1986 2042 2047 ouiaidtenditarit

345 2057 482 2102 saumata
492 2057 536 2102 sit.
548 2055 600 2101 Sed
611 2068 698 2102 verum
709 2061 757 2113 est,
769 2056 929 2102 venditorem
940 2057 1072 2114 deceptam
1081 2070 1115 2103 ex
1124 2070 1186 2103 vea-
1220 2065 1296 2099 causa
1306 2059 1452 2117 animetur,
1472 2054 1565 2099 aaroni
1576 2053 1653 2101 aliter
1663 2054 1838 2117 acciperetur,
1858 2058 1946 2102 exusta
1955 2052 2010 2099 silla
2021 2050 2044 2097 is

344 2122 401 2169 dito
411 2123 539 2170 actionem
549 2122 644 2169 ruere
654 2134 712 2168 eam
720 2123 809 2189 priore
820 2126 927 2181 emtore,
943 2123 1034 2182 quanti
1044 2136 1091 2169 saa
1103 2124 1186 2170 iuter·
1221 2122 1353 2176 potestate
1363 2119 1472 2167 emtoris
1482 2121 1612 2182 tumtum,
1633 2124 1663 2166 ut
1672 2134 1727 2169 nou
1735 2123 1822 2168 dando
1832 2119 1961 2180 pecuniam
1976 2119 2043 2164 inem

344 2188 395 2251 sit,
415 2189 442 2235 id
455 2203 510 2239 noa
526 2201 583 2235 esse
598 2189 705 2236 laetam.
739 2190 789 2237 Per
804 2201 879 2245 qaam
893 2190 1022 2237 sationem
1034 2194 1061 2237 et
1078 2191 1186 2252 tructas,
1220 2189 1274 2232 tuot
1284 2188 1381 2235 taceret
1393 2187 1759 2248 tandum,quieiuspericale
1771 2188 1871 2235 tuimet

345 2269 410 2314 quos
419 2257 492 2314 prior
501 2259 584 2303 emtor
594 2256 719 2315 percepit,
729 2260 755 2302 et
765 2269 817 2319 qno
829 2256 947 2304 deterior
956 2271 998 2304 res
1008 2257 1082 2316 culpa
1090 2259 1186 2305 veldo-
1270 2255 1317 2301 lll.
1332 2255 1500 2314 Ulpianus
1515 2253 1871 2302 storoxxxmaauerun.
1903 2254 1963 2299 iiam
1977 2251 2043 2309 naen

346 2322 451 2375 temno
463 2322 653 2384 muiracum,
672 2323 780 2381 reciptet
793 2323 931 2381 «entitur,
952 2324 1186 2372 etitemaeoatet
1218 2320 1437 2384 romnis-orins,
1457 2334 1522 2381 nune
1535 2320 1772 2368 invenationem
1798 2319 1933 2376 adiicitur,
1951 2318 1971 2364 a
1988 2317 2043 2363 vna

343 2391 551 2448 Nerrneptaeet.
585 2390 611 2448 ἦ.
623 2393 648 2435 2.
661 2390 745 2436 sedai
759 2392 851 2443 neuter
860 2390 971 2437 subiecit
981 2394 1113 2452 emtorera,
1132 2405 1185 2439 ars-
1219 2387 1492 2449 venditorexereebit
1502 2388 1762 2435 nonetiminvltus.

343 2457 400 2504 iore
410 2459 496 2504 satem
507 2455 592 2516 pretio
602 2456 730 2503 addictum
746 2462 787 2504 est
802 2457 934 2517 praedium
945 2457 985 2518 ei,
1004 2458 1049 2513 qui
1060 2459 1186 2506 solvendo
1268 2455 1312 2501 tv.
1324 2455 1487 2502 Idessiiiro
1499 2454 1617 2503 XXXII.
1629 2454 1667 2502 ad
1681 2454 1815 2501 Bdietun.
1850 2454 1879 2501 Sl
1897 2452 1983 2499 tardas
1998 2449 2045 2506 leae

344 2537 397 2571 noa
407 2527 455 2581 est,
467 2523 561 2571 abitum
571 2527 610 2568 est
622 2537 637 2569 a
647 2524 735 2582 priore
743 2524 864 2584 emtione,
875 2524 935 2582 qaia
944 2537 976 2571 ea
985 2524 1186 2577 raalioriateili-
1219 2520 1399 2570 commissoris
1408 2522 1533 2584 venierit,
1554 2521 1603 2568 lrae
1613 2524 1654 2569 est
1664 2525 1707 2583 at,
1727 2522 1781 2569 uisi
1793 2521 1865 2567 iutra
1884 2522 1972 2566 eertan
1990 2516 2047 2561 dieo

343 2591 423 2650 gitur,
440 2603 514 2647 qaam
526 2590 645 2637 venditor
656 2592 842 2652 comprobavit,
851 2590 897 2643 ,eal
906 2590 982 2638 licuit
992 2604 1047 2637 noa
1057 2592 1184 2643 addicere
1217 2588 1330 2646 timim
1340 2589 1374 2635 tii
1384 2590 1541 2649 vitalitium,
1552 2588 1663 2635 intutu·
1673 2589 1763 2650 fleret,
1784 2588 1928 2649 titium,
1945 2581 2048 2642 timi·

343 2659 398 2717 μ.
411 2657 463 2703 Sed
473 2660 499 2703 ot
509 2656 531 2703 si
542 2657 657 2715 pupillus
667 2663 758 2716 postes
766 2658 824 2705 sine
834 2657 929 2705 tutaris
938 2658 1093 2706 auetoritste
1105 2658 1187 2718 pluris
1219 2656 1322 2701 modam
1333 2657 1453 2703 venditor
1463 2659 1522 2715 apat
1533 2658 1585 2702 tam
1595 2656 1626 2703 de
1637 2656 1729 2715 tando,
1751 2668 1828 2713 qaam
1838 2655 1869 2701 de
1878 2654 1931 2711 lais,
1949 2662 2004 2709 puae
2018 2658 2048 2693 ex

343 2723 452 2785 amerit,
474 2724 655 2774 “nuntiante
667 2726 802 2772 venditare
812 2725 924 2771 ebibitur
935 2737 951 2770 a
963 2725 1052 2783 priore
1063 2726 1185 2773 emtione.
1220 2722 1301 2773 londo
1314 2728 1435 2782 percepta
1443 2722 1516 2769 sinti
1528 2723 1639 2780 itemque
1650 2723 1672 2769 ai
1683 2723 1804 2771 deterior
1814 2721 1907 2767 tasdus
1917 2719 2010 2766 eiteettts
2019 2712 2049 2758 tii

342 2790 411 2837 ldem
425 2792 451 2838 et
461 2790 489 2836 in
500 2801 576 2837 serso
587 2788 691 2849 alieno,
706 2791 870 2848 aliterntque
880 2791 903 2837 si
914 2804 1057 2852 serronem,
1069 2793 1110 2838 vel
1121 2792 1186 2853 filio,
1221 2789 1289 2835 tacte
1299 2790 1425 2838 emtorisi
1447 2788 1482 2836 Et
1493 2789 1594 2848 quidem
1604 2788 1679 2835 tioita
1689 2792 1729 2835 est
1739 2789 1839 2849 emtio,
1858 2788 1903 2835 aed
1918 2785 1964 2832 inm
1978 2780 2049 2829 deeius

342 2869 418 2914 quem
429 2857 455 2901 in
467 2856 691 2915 parastatarum,
706 2858 747 2904 sel
757 2858 861 2904 domino
872 2858 911 2906 rei
922 2872 969 2917 per
978 2872 1094 2906 errorem
1103 2859 1130 2905 id
1141 2859 1187 2905 ad·
1220 2855 1338 2911 quaestio
1348 2859 1397 2912 est,
1416 2856 1569 2905 ostendito
1579 2856 1708 2903 notionem
1716 2858 1881 2918 competere,
1900 2855 1926 2899 at
1936 2847 2049 2905 reseriptit

342 2923 449 2983 dixerit,
460 2923 521 2980 qais
529 2935 584 2970 uon
598 2923 777 2970 eetesatiolris
786 2925 895 2971 emitas.
924 2925 1021 2978 Quodsi
1031 2925 1120 2973 alieno
1130 2939 1187 2973 ser·
1220 2922 1523 2981 laperuertsantaatni
1533 2926 1560 2970 et
1570 2923 1624 2969 divi
1634 2923 1726 2970 Sereri
1736 2923 1895 2971 declaratur.
1929 2920 1952 2979 i.
1972 2919 1991 2964 l.
2009 2911 2049 2961 Sd

343 3004 385 3051 vo,
397 3004 471 3047 quem
481 2989 612 3049 putaverit
622 2989 731 3037 lilsoruss
743 3004 808 3053 esse,
819 2990 955 3054 addixerit,
967 2993 1187 3040 sonasset-te-
1221 2988 1288 3045 quod
1299 2990 1337 3035 ait
1348 2991 1476 3053 Neratius,
1485 2991 1563 3041 habet
1573 2990 1713 3051 rationem,
1730 2994 1759 3036 ut
1769 2988 1999 3036 interdamlraatas
2007 2994 2049 3027 ea-
2131 2998 2132 3007 ¹

343 3058 390 3119 nn,
401 3062 427 3105 et
435 3055 489 3104 erit
500 3057 542 3107 lie
553 3056 754 3116 airnils'sepenti,
779 3059 1044 3122 §.el-:moremini
1053 3060 1186 3111 meliorem
1221 3056 1862 3118 torlaerotor,qaampretiam,qaodnomeravit,
1879 3052 1991 3114 perdidit.
2008 3046 2049 3105 lai·
2131 3088 2132 3101 .

342 3125 518 3175 conditionem
528 3123 659 3183 atnslarit,
679 3127 783 3184 praeter
792 3124 962 3184 eorpusnilil
972 3126 1099 3187 amciter,
1119 3125 1185 3183 qaod
1220 3127 1264 3171 tur
1273 3123 1403 3170 sententis
1415 3124 1515 3171 Neratii
1527 3127 1589 3170 tone
1599 3125 1674 3171 nattes
1684 3124 1784 3181 loeum,
1806 3136 1872 3181 quse
1891 3122 1930 3168 est
1950 3118 2050 3169 humma,

342 3191 463 3240 venierit.
480 3193 505 3251 ς.
519 3195 540 3237 o.
553 3193 612 3237 Non
626 3195 711 3239 teman
722 3191 789 3255 ideo,
801 3192 824 3238 si
836 3193 987 3243 notandam
996 3194 1108 3253 pretium
1118 3192 1186 3240 alius
1220 3190 1323 3246 quando
1335 3193 1419 3237 emtor
1429 3190 1541 3248 aliquam
1552 3195 1651 3250 partem
1661 3191 1739 3249 pretii
1759 3190 1844 3237 dedit.
1880 3190 1937 3249 μ.
1956 3185 2049 3240 Eleati-

343 3258 396 3319 det,
408 3260 457 3305 noe
467 3259 534 3319 ipso,
545 3259 612 3314 qaod
622 3259 790 3307 namurensi
802 3272 855 3305 neu
863 3264 1014 3317 sequautur,
1024 3261 1071 3319 qai
1082 3264 1185 3307 secata·
1219 3260 1262 3304 ter
1267 3256 1423 3317 Papinianus
1428 3258 1496 3305 libro
1501 3259 1578 3305 tertio
1583 3260 1774 3316 lloaponsorum
1781 3256 1888 3304 seritis:
1899 3253 2049 3306 statimstatic

343 3326 366 3371 ri
380 3329 468 3372 essent
479 3325 593 3384 priorem
603 3328 735 3381 emtorem,
752 3326 846 3373 melior
855 3327 970 3373 conditio
983 3326 1085 3377 vitatas
1094 3327 1186 3383 ellus,
1220 3324 1356 3372 commissa
1365 3325 1408 3372 lex
1420 3328 1475 3386 est,
1487 3328 1603 3372 statuere
1614 3324 1777 3372 venditorem
1789 3324 1894 3384 detera,
1904 3324 1986 3369 utrum
1994 3327 2052 3362 eon·

343 3392 404 3449 quia
415 3404 468 3445 noa
480 3391 604 3451 integitur
614 3391 685 3439 inter
693 3398 819 3441 emtorem
827 3398 856 3443 ,et
866 3394 1035 3441 uenditorem.
1220 3392 1366 3439 mluorianr
1378 3391 1442 3439 velit
1453 3405 1588 3451 exercere,
1608 3405 1642 3437 ao
1657 3392 1743 3450 potius
1762 3390 1880 3451 pretiosa
1898 3386 1996 3448 peteret
2013 3394 2052 3425 stet

393 3457 448 3503 XV.
466 3458 666 3518 Pomponius
682 3461 749 3507 iiiro
760 3459 815 3506 IX.
832 3461 1010 3508 adsedissent.
1042 3460 1186 3519 stpreetta
1221 3472 1311 3519 posse,
1331 3459 1353 3503 si
1365 3459 1567 3505 commissarium
1578 3458 1674 3517 elegit,
1695 3460 1789 3517 postea
1810 3457 1922 3503 amisse.
1955 3451 2009 3512 §.3-
2029 3448 2052 3490 ¹¹¹

343 3524 372 3570 in
382 3522 449 3571 diam
458 3525 572 3587 addicto,
590 3529 653 3572 ante
663 3526 731 3573 diem
741 3526 863 3574 realiter
873 3531 989 3575 mortuus
999 3527 1042 3589 sit,
1062 3527 1118 3573 sire
1128 3530 1187 3586 post
1222 3525 1399 3572 commissoris
1409 3525 1487 3572 etlam
1498 3527 1547 3572 boe
1556 3525 1623 3571 solet
1635 3524 1786 3586 convenire,
1798 3523 1867 3585 ut,si
1880 3520 1992 3569 venditor
2000 3527 2053 3591 eun·

344 3590 410 3637 diem
421 3589 496 3637 heres
506 3591 530 3638 ei
541 3591 661 3653 exsistat,
671 3594 727 3641 slve
738 3593 845 3645 omnino
855 3607 908 3647 aon
915 3594 1034 3656 exsistat,
1045 3594 1127 3652 priori
1135 3606 1188 3641 em·
1222 3592 1279 3639 dem
1289 3592 1394 3638 landum
1406 3592 1537 3652 venderet,
1548 3594 1643 3650 quanto
1654 3591 1763 3638 minoris
1774 3589 1934 3647 vendiderit,
1942 3586 1967 3633 id
1975 3596 1989 3631 n
1996 3593 2054 3657 psto-

345 3656 397 3704 tori
408 3658 538 3715 praedium
549 3662 643 3705 emtam
655 3663 703 3716 est,
720 3661 782 3719 qnia
791 3661 884 3708 melior
893 3660 1010 3717 conditio
1020 3661 1109 3720 minis,
1123 3674 1188 3719 orsae
1221 3672 1251 3704 re
1261 3664 1360 3705 emtore
1379 3658 1476 3716 exigat.
1507 3659 1566 3704 Erit
1586 3659 1671 3717 itaque
1692 3659 1818 3705 adversus
1836 3670 1896 3703 euru
1915 3667 1946 3702 er
1966 3648 2052 3722 tendite

344 3723 569 3782 domiminum,
588 3725 703 3785 intelligi
714 3731 873 3789 amputent,
893 3727 1011 3788 quomis,
1028 3728 1187 3787 quiverint,
1222 3724 1299 3771 actio·
1336 3727 1359 3785 d·
1372 3727 1397 3770 d.
1409 3725 1549 3770 lllareellua
1560 3725 1627 3771 littra
1639 3724 1764 3782 vigesimo
1775 3723 1889 3781 dubitat,
1899 3718 2055 3769 committam

344 3804 399 3838 non
409 3791 528 3836 exosus.
546 3793 645 3847 Quodsi
656 3793 727 3840 intra
738 3794 806 3841 diem
815 3794 972 3842 adiectionis
981 3795 1055 3841 heres
1067 3796 1187 3853 exsistat,
1223 3795 1309 3838 utrum
1319 3794 1381 3836 tune
1392 3791 1475 3837 locam
1486 3791 1585 3852 dalmat,
1596 3790 1807 3848 siinterpelletus
1817 3802 1874 3837 nou
1883 3790 1974 3845 soluat,
1982 3797 2010 3831 aa
2019 3793 2055 3825 tt·

343 3856 438 3904 melior
454 3858 570 3905 conditio
588 3859 817 3920 eiallerripotest.
853 3863 876 3921 9.
892 3863 914 3907 l.
936 3860 963 3907 Si
980 3860 1111 3907 tundusio
1122 3861 1191 3907 diem
1222 3871 1252 3905 ra
1263 3857 1286 3903 si
1296 3871 1348 3904 oon
1360 3857 1503 3904 entaterttt
1524 3858 1558 3903 Et
1569 3858 1651 3917 magis
1660 3858 1774 3905 arbitror
1785 3857 1887 3903 otierre
1899 3868 1955 3903 eum
1970 3852 2056 3903 debers,

344 3923 463 3970 addictus
475 3924 555 3971 tuerit
566 3925 664 3987 plnris,
685 3931 714 3973 nt
725 3928 846 3986 quaedam
864 3927 889 3974 ei
900 3926 1039 3989 secedant,
1056 3940 1124 3986 ,quae
1135 3941 1188 3974 non
1222 3924 1244 3971 si
1256 3925 1313 3971 vult
1323 3937 1350 3970 se
1361 3924 1428 3983 legis
1438 3924 1629 3973 commissoriae
1639 3927 1769 3984 potestate
1780 3922 1906 3982 solvere,
1922 3918 2005 3979 quodsi
2014 3925 2056 3961 aas

343 3990 501 4038 astoenserint
510 3991 592 4049 priori
605 3994 706 4053 emtori,
718 3994 740 4041 si
752 4007 805 4040 non
817 3993 925 4043 minoris
935 3993 988 4040 sint
999 3994 1102 4054 haeres,
1113 4009 1187 4053 quam
1222 3993 1305 4053 habet,
1315 3991 1356 4036 cui
1367 3992 1469 4051 otlerat,
1483 4004 1559 4050 posse
1568 4004 1625 4039 esse
1636 4004 1763 4039 securum.

344 4070 394 4116 qno
418 4057 500 4117 piaris
520 4062 610 4116 posteo
629 4060 724 4107 landas
742 4060 863 4123 venierit,
883 4060 958 4139 pripr
975 4060 1091 4108 venditio
1108 4062 1187 4117 vaiet,
1266 4059 1296 4104 V.
1317 4058 1483 4105 Neratius
1502 4060 1571 4109 titire
1593 4059 1620 4105 Υ.
1641 4059 1870 4108 Mandronem.
1907 4057 1974 4112 Lege
1991 4048 2056 4107 tando

343 4125 417 4181 qnasi
429 4124 522 4171 melior
532 4123 648 4171 conditio
659 4126 740 4175 allata
749 4141 802 4175 non
813 4127 857 4187 ait,
869 4127 892 4174 si
903 4128 1011 4175 nnnoris
1022 4127 1083 4173 rint.
1107 4128 1188 4175 ldem-
1222 4125 1326 4172 vendito
1337 4124 1419 4185 dieta,
1440 4128 1484 4185 nt,
1502 4125 1524 4173 si
1535 4126 1605 4173 intra
1615 4122 1949 4184 eemumtempuspretiam
1962 4118 2058 4166 seturna

342 4191 649 4253 quenostimandumest,
669 4194 692 4240 ai
709 4193 764 4240 dies
781 4195 885 4254 longior
903 4194 981 4254 pretii
999 4195 1117 4243 solvendi
1129 4196 1187 4241 data
1222 4205 1274 4239 nou
1285 4193 1333 4251 sit,
1355 4191 1564 4254 eminentem,
1585 4192 1768 4253 detractibus,
1788 4188 1975 4249 quosiuterim
1989 4189 2058 4232 eatur

342 4258 430 4319 luerit,
452 4261 479 4304 at
490 4262 643 4322 quaeratur,
663 4264 786 4323 quantum
797 4275 831 4309 ex
842 4274 920 4308 usura
930 4261 986 4309 elus
996 4262 1120 4320 temporis
1131 4263 1186 4322 capi
1222 4259 1385 4319 percepisset,
1396 4261 1445 4307 troc
1454 4259 1496 4318 api
1507 4259 1705 4319 intelligendum
1717 4263 1768 4314 est,
1777 4264 1807 4305 at
1819 4261 1907 4306 emtor
1915 4251 2013 4303 iuterim
2022 4258 2058 4296 stt

341 4326 465 4383 potuerit.
1221 4326 1270 4373 sini
1281 4339 1376 4382 suoque
1389 4326 1594 4385 inrepercipiat3
1614 4328 1659 4374 sod
1668 4329 1691 4372 si
1703 4326 1796 4373 landus
1805 4326 1969 4383 res-euneos,
1986 4317 2059 4365 Aristo

392 4392 460 4439 XVl.
481 4392 651 4452 Ulpianus
661 4395 728 4441 isira
739 4393 857 4449 XXXII.
873 4396 911 4442 ad
920 4394 1047 4444 Edictum.
1075 4399 1186 4456 lmpern-
1198 4432 1199 4435 η
1221 4386 1397 4451 existimabat,
1421 4393 1552 4441 venditori
1562 4394 1643 4441 dehis
1653 4392 1778 4440 iudicium
1789 4392 1819 4438 in
1829 4397 1958 4440 emtoresa
1967 4385 2060 4434 danii!

343 4461 384 4505 tor
394 4462 505 4507 Severus
517 4460 663 4518 rescripsit:
686 4460 761 4507 Sicut
767 4464 877 4525 fruetus
892 4464 918 4508 in
933 4464 998 4509 dieas
1009 4465 1131 4510 addictae
1142 4465 1187 4508 de·
1221 4474 1286 4520 esso,
1298 4460 1358 4518 quie
1368 4458 1436 4505 niati
1446 4472 1525 4518 penes
1535 4472 1593 4507 eum
1602 4460 1716 4509 residere
1727 4462 1868 4518 oporteret
1876 4472 1913 4509 ex
1924 4470 1968 4519 re,
1988 4453 2014 4499 ih
2021 4459 2060 4509 Ψ

342 4539 407 4583 nina,
427 4540 503 4587 paam
515 4528 724 4574 metioreonriiiio
729 4529 819 4592 suerii
828 4529 927 4584 allata,
947 4531 1075 4575 venditori
1082 4531 1188 4577 restitui
1221 4527 1293 4574 fldem
1305 4526 1451 4574 tetaillsset.

250 4588 256 4599 “
342 4600 444 4641 neeesse
456 4600 504 4647 est,
520 4595 561 4639 ita
571 4607 663 4641 rursus
675 4608 742 4655 puae
749 4597 827 4654 prior
837 4601 920 4641 emtor
929 4596 1008 4641 medie
1021 4600 1133 4655 ternpore
1142 4610 1185 4641 ne·
1266 4593 1829 4653 vt.Seeeeetatisro11.ttapmsmn.
1867 4594 1909 4641 De
1930 4593 1986 4650 lege
2003 4598 2059 4632 ω·-

344 4661 458 4705 sessoria
466 4658 621 4719 prodanenit
631 4667 754 4724 erogata,
775 4661 806 4707 de
817 4664 901 4708 reditu
910 4664 1032 4717 retineri,
1053 4658 1096 4708 eei
1104 4665 1187 4709 sinen
1221 4658 1341 4706 missoris
1351 4659 1577 4719 interrogatass'ta
1586 4661 1732 4719 respondit:
1749 4661 1833 4719 siper
1842 4665 1970 4709 enatarem
1981 4656 2061 4702 tacit·

344 4725 470 4784 sufficiat,
479 4726 550 4771 selei
557 4742 666 4788 aequans
676 4734 722 4775 eat.
751 4726 872 4775 Eteredo
883 4728 995 4775 sensisse
1005 4728 1146 4788 principem
1156 4731 1187 4777 de
1222 4727 1265 4785 sit,
1282 4740 1332 4786 quo
1343 4728 1428 4773 minas
1436 4727 1489 4785 legi
1500 4731 1645 4787 pareretur,
1662 4732 1689 4775 et
1699 4740 1731 4774 es
1740 4727 1800 4786 lege
1811 4728 1854 4774 uti
1868 4725 1990 4776 venditor
1998 4717 2061 4775 πω,

345 4792 406 4835 emti
418 4795 444 4836 et
457 4791 554 4841 venditi
565 4794 676 4841 actione.
1222 4795 1315 4840 tuados
1324 4794 1438 4841 inemtas
1448 4795 1513 4855 tore,
1524 4797 1551 4840 et
1561 4795 1596 4849 id,
1613 4795 1681 4851 quod
1691 4794 1783 4840 arrhae
1794 4794 1839 4840 rel
1848 4794 1906 4843 alio
1918 4790 2017 4839 nomiae
2025 4785 2061 4829 dtr

393 4857 474 4902 lel.
493 4858 609 4906 1a1ren
617 4876 651 4910 es
662 4862 730 4908 iiira
742 4861 801 4908 XV.
813 4861 986 4921 Digestorum.
998 4862 1061 4907 Com
1069 4861 1122 4907 duo
1133 4874 1187 4909 ser-
1222 4865 1276 4907 tum
1286 4865 1367 4922 esset,
1385 4860 1452 4919 apud
1464 4861 1623 4907 venditorem
1632 4873 1817 4908 remansurum.
1856 4862 1882 4920 fl.
1895 4863 1919 4908 l.
1941 4857 2008 4905 ldem
2027 4864 2062 4898 rt·

345 4922 370 4968 ei
382 4923 480 4967 duobos
491 4926 627 4981 separatim
641 4927 714 4973 denis
725 4928 752 4974 in
763 4927 831 4974 diem
838 4926 931 4973 addicti
938 4928 1000 4986 sint,
1013 4929 1187 4989 etexatiterit,
1222 4927 1341 4986 spondit:
1357 4928 1380 4974 ai
1391 4941 1426 4974 ex
1436 4926 1595 4986 legeinemtl
1607 4926 1755 4986 sint-tandi,
1767 4939 1815 4973 nee
1828 4926 1866 4986 id,
1878 4927 1950 4986 quod
1958 4932 2062 4969 secent·

343 4988 387 5045 qai
398 5001 445 5047 pro
457 4992 565 5048 utroque
576 4993 684 5051 triginta
695 4994 747 5053 det,
758 4995 849 5054 refert,
862 4993 939 5039 unlus
950 4992 1035 5054 pretio
1047 4995 1142 5054 decem,
1154 5010 1187 5043 sn
1223 5008 1278 5041 ram
1289 4995 1383 5047 dietam
1394 4997 1446 5055 eat,
1469 4993 1565 5041 emtori
1575 4993 1670 5041 deberi.
1705 4995 1767 5052 Μ.
1779 4994 1846 5041 Post
1857 4994 1930 5040 diem
1940 4993 2062 5048 legeceas-

343 5055 506 5112 singulorum
517 5057 595 5114 quina
604 5059 729 5107 adiiciati
741 5061 886 5108 Secundam
894 5061 1056 5120 superiorem
1062 5062 1188 5109 adiectio·
1223 5060 1557 5121 missoriseoraprelsensam
1568 5061 1688 5107 venditas
1697 5065 1795 5118 partem
1809 5061 1935 5118 reliquae
1950 5052 2063 5116 pactili*

344 5132 403 5169 sem
414 5121 435 5166 is
446 5133 538 5169 servos
550 5123 658 5171 inemtas
667 5126 730 5186 erit,
747 5127 820 5174 euius
830 5128 915 5185 pretio
926 5129 1039 5175 adiectio
1052 5129 1121 5175 taeta
1130 5130 1187 5177 tne-
1222 5127 1333 5186 aceepit3
1344 5125 1490 5186 respondit:
1502 5127 1524 5173 si
1536 5130 1594 5185 post
1604 5131 1731 5174 statatum
1741 5125 1808 5173 diem
1817 5127 1943 5186 reliquae
1953 5120 2064 5193 manans

343 5189 393 5245 rit,
414 5187 554 5235 seeundum
569 5192 739 5247 posteriorem
754 5194 925 5242 adiectionem
938 5200 1046 5252 uterque
1060 5196 1093 5242 ad
1102 5200 1187 5253 poste-
1222 5194 1342 5241 venditor
1351 5194 1434 5253 legem
1441 5193 1535 5241 dictans
1544 5206 1597 5248 noa
1608 5192 1784 5254 exercuisset,
1804 5193 1852 5240 sed
1862 5196 1967 5252 partem
1983 5187 2062 5245 telle*

344 5257 440 5302 riorem
451 5257 573 5301 etntorem
583 5258 738 5316 pertinetem
759 5260 850 5316 enodet
861 5261 986 5307 iamrtum
998 5262 1041 5321 sit,
1060 5263 1092 5308 ad
1103 5265 1187 5309 unius
1222 5260 1300 5307 debiti
1312 5261 1461 5319 accepisset,
1474 5260 1556 5307 videri
1567 5272 1722 5309 recemum-a
1730 5259 1924 5311 commissoris.

342 5320 849 5385 pretiumaddiderimpriorsemtions
859 5328 1122 5375 nousidebitnresse
1134 5329 1186 5374 dis·
1266 5327 1701 5386 vlt.110rmapenianusittro
1722 5326 1763 5372 11.
1789 5328 1861 5374 auris
1880 5326 2064 5386 Epiron-nn

344 5400 452 5439 eersuar.
1221 5393 1284 5438 Post
1294 5390 1361 5439 dieas
1371 5393 1560 5447 commissoriae
1570 5394 1621 5452 legi
1634 5392 1817 5453 praestitutum
1831 5396 1857 5438 st
1877 5392 2001 5439 venditor
2015 5397 2065 5445 iit·

393 5455 485 5501 xtuli.
506 5453 693 5519 Afriesnus
709 5457 778 5504 titre
789 5458 845 5505 III.
856 5458 1049 5517 Quaestionum.
1085 5462 1147 5511 cum
1159 5460 1185 5507 ia
1221 5459 1286 5504 tium
1297 5460 1376 5518 petet,
1395 5456 1449 5515 topi
1459 5460 1650 5509 commissoriae
1658 5460 1838 5515 renuntiatam
1847 5459 1969 5520 videtur,
1978 5462 2067 5502 neat*

344 5522 409 5569 diern
421 5523 518 5571 dodim
526 5522 607 5569 sociis
617 5522 712 5569 tendas
724 5523 759 5568 ait
771 5524 893 5585 addictus,
914 5536 966 5570 naso
978 5538 1011 5573 ex
1026 5527 1066 5573 iris
1076 5527 1186 5585 pretium
1219 5523 1295 5580 risse,
1305 5528 1332 5569 et
1342 5524 1373 5569 ad
1383 5524 1540 5572 isaaerediro
1551 5529 1645 5583 potest.

343 5589 481 5635 adiiciente
491 5590 568 5636 etiem
580 5602 626 5649 pro
638 5589 720 5648 ipsias
731 5591 929 5649 psrteaprlsse
940 5592 1092 5639 venditione
1103 5592 1185 5643 disee·
1270 5591 1344 5635 vltl.
1357 5588 1601 5639 Seaeaalaiiiro
1615 5591 1675 5639 VII.
1691 5593 1872 5653 mertanne.
1898 5589 1998 5637 Mulier
2016 5585 2065 5635 lau«

343 5657 378 5706 di.
389 5657 483 5702 rectius
493 5657 666 5704 existimatur.
1219 5657 1265 5704 dos
1276 5655 1338 5701 Gaio
1350 5655 1411 5701 Seio
1422 5656 1545 5720 uendidit,
1554 5662 1582 5706 et
1592 5657 1704 5717 neeeptis
1713 5659 1805 5709 mnae
1815 5655 1929 5704 nomine
1942 5653 2022 5702 certis
2030 5664 2067 5709 pt·

392 5722 462 5771 nx.
480 5725 664 5774 Iaeoienss
671 5722 740 5803 isira
750 5721 791 5769 11.
800 5736 836 5770 ex
846 5722 960 5773 diutia.
975 5724 1068 5773 Fando
1078 5725 1108 5772 ist
1118 5726 1184 5775 diem
1219 5722 1302 5777 mail·
1308 5754 1327 5783 ‚-
1336 5725 1434 5769 titulis
1443 5730 1502 5771 tutti
1512 5729 1628 5784 tempora
1643 5724 1769 5774 solutioni
1792 5722 1916 5780 salium
1937 5717 2066 5782 Ptfflumt
