4330 6424
511 300 598 393 usn.
622 338 805 401 xxx-vrrs
835 346 861 403 a
906 341 963 396 on
998 341 1132 398 nonis
1167 316 1462 400 srnnn'ronuss
1803 347 1855 405 sas

127 477 223 538 tangat,
235 476 321 525 umen
333 436 439 539 propter
449 478 532 539 legem
544 479 703 544 Corneliam,
717 497 784 545 pose
796 487 975 535 testamentum
1013 482 1088 529 bonis
1102 484 1253 532 libertorum
1264 485 1321 531 elus
1332 487 1496 547 summoveri,
1506 499 1522 533 s
1532 486 1614 546 patris
1625 499 1686 535 reru
1698 488 1736 535 sui
1749 489 1858 539 liberto·

125 546 161 592 sie
171 543 317 607 confirmat,
339 548 417 604 atque
429 545 451 591 si
463 545 490 592 in
503 546 611 597 civitate
621 551 770 612 decesserit,
791 557 902 612 patrono
913 566 976 612 quo·
1011 563 1068 597 rum
1079 551 1154 597 bouis
1165 565 1218 598 noo
1229 552 1346 600 esctun:
1367 555 1457 609 ‘ltffltlssi
1469 570 1484 600 Β
1494 559 1565 613 l)ure
1578 554 1612 600 ⁸st
1624 556 1804 619 ‘tiendum’
1825 558 1857 605 *it

125 626 171 671 que
182 611 309 658 bonorum
323 612 453 671 possessio
465 610 549 661 danda
559 617 619 663 erit.
656 619 679 677 h.
690 622 715 667 2.
728 619 756 664 si
769 619 920 679 deportatus
932 633 976 679 ps-
1012 630 1062 665 sso
1072 631 1125 665 nosr
1136 618 1182 681 sit,
1192 631 1245 665 nnn
1257 619 1340 666 solum
1351 633 1366 666 s
1378 621 1527 668 libertorum
1540 627 1707 680 paternorum
1717 623 1801 685 bonis,
1812 637 1856 672 re-

128 688 219 727 trorsus
231 678 281 743 sit,
302 679 357 725 tilio
369 679 427 725 eius
438 680 561 741 competit
579 685 707 743 bonerum
718 687 887 745 possessinin
900 688 975 735 bonis
1011 687 1156 749 tumeliam
1171 686 1201 731 ab
1214 687 1255 733 asi
1267 700 1368 747 quoque
1387 688 1491 736 excludi
1503 689 1611 751 debere,
1632 691 1692 749 quia
1703 696 1858 750 perpetrem

126 746 228 807 liberti,
249 761 296 797 nec
307 744 489 805 impedimento
501 752 540 795 est
552 748 577 796 ei
590 750 649 797 tslis
659 757 801 813 patrunus,
814 754 866 813 ,pur
878 754 974 805 mortui
1011 752 1096 811 stitus
1107 753 1216 805 libertos
1227 753 1408 813 consequitur,
1420 756 1510 815 quodsi
1520 761 1595 815 pater
1606 757 1661 803 eius
1669 758 1704 804 sit
1715 760 1857 805 marnes·

126 817 183 863 loco
197 813 315 861 liabetur.
337 812 370 861 Et
382 813 507 863 dissimile
518 819 566 876 est,
577 819 599 867 si
611 822 812 879 patronusapud
825 822 914 869 hostes
923 823 973 879 sit,
1012 819 1158 881 heredatus,
1170 821 1225 880 ipse
1236 835 1289 868 non
1300 823 1345 883 sit,
1357 835 1433 880 posse
1443 829 1562 881 nepotem
1570 826 1697 871 oritorum
1705 824 1856 872 libertorum

127 886 299 941 nampropter
309 894 377 941 spero
391 881 548 941 postliminii
559 886 647 933 obstat
657 886 817 945 liberissuip.
828 889 916 949 §.isi
927 904 974 937 cx·
1012 888 1213 933 conestabulus
1225 889 1654 949 bonorumpossessionenrpetere.
1691 892 1758 939 ldem
1769 892 1856 939 sittsl

126 959 233 996 tianeus
251 963 267 995 a
284 948 381 995 liberto
398 948 473 997 heres
484 949 623 998 institutus
634 959 741 1012 rogatus
757 957 793 1002 ,sit
803 956 907 1015 patroni
919 957 974 1007 lilio
1010 960 1084 1010 pater
1095 968 1135 1000 sse
1147 954 1317 1003 esserationis
1322 989 1330 1013 ‚
1352 970 1416 1003 arur
1427 971 1498 1005 meus
1512 963 1609 1021 patrem
1627 972 1725 1018 meum,
1746 964 1772 1008 et
1783 960 1857 1019 prior

125 1017 295 1065 hereditatem
307 1017 463 1075 restituere,
485 1031 561 1077 quum
578 1033 611 1069 ax
629 1024 857 1079 sessstusepnsulto
869 1025 973 1077 Trebel.
1011 1032 1074 1067 srus
1086 1022 1235 1085 decesserit,
1248 1024 1278 1069 ab
1290 1024 1424 1081 utriusque
1437 1025 1538 1072 libertis
1548 1040 1587 1073 me
1601 1026 1702 1085 repelli.
1714 1026 1765 1073 Sed
1776 1025 1797 1072 si
1809 1041 1857 1074 an-

123 1085 195 1131 tiano
210 1084 332 1131 restituta
343 1080 486 1131 hereditate
498 1087 600 1135 heredis
620 1088 679 1139 loeo
690 1088 760 1137 iilius
770 1092 893 1145 habeatur
899 1122 908 1148 ,
929 1105 974 1152 ps-
1012 1089 1038 1141 te
1049 1094 1124 1149 pater
1135 1089 1298 1152 decessisset,
1313 1098 1404 1150 postes
1414 1105 1485 1153 arus,
1498 1092 1630 1143 dicendum
1641 1092 1701 1153 erit,
1713 1094 1780 1140 nibil
1793 1094 1854 1140 mibi

123 1159 215 1199 tronus
225 1152 424 1198 srsmnroressdns
435 1156 483 1201 est.
797 1196 801 1205 ,
824 1156 829 1163 “
1011 1168 1106 1205 nocere
1116 1158 1198 1215 patris
1210 1158 1437 1209 exheredationem
1451 1159 1853 1211 sdaritorumlibertornmbons.

172 1220 203 1266 l'.
224 1220 286 1266 Coi
292 1231 326 1271 ss
337 1217 405 1265 libro
417 1217 476 1267 XV.
488 1221 526 1269 ad
536 1219 657 1273 Misera
663 1226 842 1284 provinciale.
861 1225 974 1275 Liberti·
1059 1223 1105 1270 ill.
1124 1224 1181 1270 lat
1188 1227 1288 1272 iosus
1298 1226 1368 1272 tidro
1379 1225 1484 1272 XXVI.
1496 1227 1668 1286 Digestorum.
1700 1228 1797 1280 Quodn
1809 1241 1854 1287 ps-

123 1299 190 1347 nus,
210 1286 253 1346 qui
265 1290 403 1344 patronum
414 1288 568 1347 patronique
579 1290 677 1339 liberos
688 1293 779 1355 babet,
800 1296 823 1342 si
835 1299 972 1355 patronum
1011 1293 1050 1337 ter
1067 1304 1139 1337 meus
1156 1305 1172 1338 a
1189 1297 1262 1352 patre
1279 1305 1326 1339 suo
1346 1292 1380 1339 sit
1392 1293 1579 1353 exheredatus,
1600 1308 1648 1353 ego
1659 1308 1743 1351 neque
1754 1308 1770 1340 a
1781 1301 1854 1354 patre

122 1368 154 1401 ex
175 1357 251 1413 parte
262 1351 347 1399 debite
358 1353 479 1401 heredem
495 1356 624 1420 instituit,
645 1359 745 1413 liberos
760 1363 817 1413 eius
827 1363 855 1413 io
866 1362 972 1411 eandem
1008 1372 1076 1417 meo,
1086 1371 1170 1416 neque
1180 1362 1211 1407 sb
1222 1372 1280 1420 aro,
1293 1364 1394 1407 mortuo
1405 1361 1506 1418 quidem
1516 1366 1588 1419 petre
1599 1362 1854 1418 etadrersnssritos,

122 1422 271 1483 portionem
280 1421 439 1469 substituere
450 1423 534 1487 debet,
544 1429 583 1483 nt,
595 1426 657 1473 licet
668 1432 794 1485 patronus
806 1432 866 1481 riso
877 1429 972 1478 liberto
1009 1426 1171 1473 etsdrersus
1187 1431 1309 1487 paternos
1325 1427 1495 1489 libertosnius
1505 1428 1611 1475 habebo.
1650 1430 1852 1489 Viventepstre,

123 1488 340 1551 mortuusluerit,
357 1488 522 1551 patirisetum
539 1492 838 1553 sidentusliberiseim.
871 1499 972 1558 §.Lsi
1009 1493 1128 1553 quamdiu
1149 1494 1175 1540 in
1192 1499 1321 1554 potestate
1338 1493 1467 1557 eiusero,
1487 1500 1635 1554 nonpetsm
1653 1497 1853 1543 contratabuiss

33 1562 39 1583 ¹
121 1556 229 1617 patroni
241 1555 324 1603 filiurn
335 1557 538 1621 emancipatum,
559 1566 586 1608 et
596 1566 705 1623 nepotes
716 1580 759 1619 ,η
768 1580 815 1629 aa,
834 1567 879 1624 qui
890 1567 919 1615 tu
929 1569 971 1617 gvi
1010 1561 1141 1611 oriturum
1149 1562 1307 1611 libertorum
1316 1563 1442 1611 bonorum
1453 1562 1659 1622 possessionem
1678 1564 1853 1623 emancipatus

122 1623 365 1684 ismiliarernausit,
387 1624 612 1691 libertushsbeai‚
631 1630 808 1696 tiliotantum,
829 1635 971 1685 nemetiam
1009 1642 1060 1676 nou
1072 1631 1261 1683 summorebor.

122 1692 261 1751 nepotibus
271 1686 539 1743 satisiacere‘debebit
553 1695 672 1759 tibertus,
682 1702 839 1753 neesdsem
849 1703 972 1765 pertinet,
1057 1695 1115 1747 ΧΠ.
1137 1699 1385 1759 tttptassstrtro
1400 1699 1500 1748 XLIV.
1514 1699 1551 1747 ad
1560 1698 1690 1746 Edirtsss.
1726 1699 1752 1747 Si
1764 1700 1852 1759 psiro-

121 1759 187 1821 quod
200 1759 232 1805 sd
243 1758 361 1817 parentis
373 1760 441 1827 bons
451 1764 550 1822 puriter
561 1770 700 1815 rorantur.
1007 1777 1056 1811 nus
1067 1768 1222 1815 testamento
1235 1767 1292 1817 iure
1302 1768 1409 1815 militari
1421 1769 1490 1814 lucto
1501 1766 1582 1815 filium
1596 1766 1853 1814 silentioexhereds·

169 1828 213 1873 ttl.
234 1826 483 1888 diptamnum
493 1830 595 1880 XLIII.
606 1835 643 1883 ost
653 1834 782 1891 Edterm
794 1837 828 1885 Et
838 1839 861 1886 si
871 1853 906 1887 «χ
917 1853 972 1887 110.
1007 1833 1083 1895 rerit,
1095 1834 1196 1881 debebit
1207 1848 1302 1885 nocere
1312 1835 1337 1884 ei
1348 1835 1525 1891 exheredatio;
1537 1848 1626 1883 reruni
1637 1837 1676 1881 est
1688 1835 1765 1896 enim,
1786 1836 1854 1881 hunc

120 1895 177 1943 dies
188 1897 265 1953 psrte
277 1894 395 1941 instituti
406 1895 461 1942 siut
471 1897 548 1947 liberi
560 1900 664 1963 liberti,
686 1904 813 1953 bonorum
828 1908 972 1965 ponamin.
1006 1900 1265 1950 exheredatumesse.
1302 1904 1401 1964 §.LSi
1410 1903 1467 1962 quis
1479 1902 1600 1949 libertum
1612 1902 1666 1948 lilio
1677 1914 1725 1948 suo
1736 1902 1854 1961 assigna-

119 1978 177 2011 uem
199 1965 294 2011 contra
314 1962 414 2009 tabulas
430 1968 555 2024 patronus
571 1973 662 2028 petere
678 1985 732 2019 non
748 1978 851 2033 potest3
872 1989 931 2025 nm
947 1981 971 2024 es
1006 1969 1088 2030 serit,
1108 1981 1217 2030 eumque
1233 1970 1447 2031 extrusissent,
1468 1969 1571 2017 admitti
1582 1974 1668 2028 potest
1684 1969 1715 2015 ad
1728 1972 1854 2017 bonorum

117 2030 260 2078 illareellus
272 2030 339 2079 libro
349 2044 421 2079 nono
432 2032 600 2093 Digestorum
610 2037 727 2099 scripsit:
744 2041 971 2100 quantulacunque
1005 2035 1093 2083 liberti
1104 2038 1303 2096 possessionem.
1339 2041 1363 2099 d.
1375 2042 1398 2091 2.
1413 2038 1442 2084 Si
1453 2035 1573 2096 quianon
1586 2036 1653 2084 mals
1664 2041 1750 2085 mente
1760 2051 1853 2096 peren·

117 2112 149 2145 es
160 2101 239 2159 parte
250 2097 370 2147 heredem
380 2100 530 2149 institutum
540 2104 627 2151 liberti
639 2106 720 2157 liiinss
731 2113 870 2168 patronem
881 2112 969 2169 erpel-
1007 2102 1039 2151 tis
1050 2105 1221 2153 esberedatus
1232 2105 1276 2166 sit,
1287 2106 1333 2153 sed
1344 2105 1397 2152 alis
1407 2120 1440 2154 ex
1452 2117 1537 2165 eausa,
1558 2104 1728 2153 exheredatis
1739 2105 1788 2164 ipsi
1800 2118 1853 2151 non

117 2166 181 2214 lere.
214 2167 238 2224 §-
251 2167 273 2212 1.
285 2168 369 2231 Quum
380 2167 484 2226 patroni
496 2170 550 2217 titia
563 2171 637 2219 ireres
647 2174 769 2223 institue.
780 2178 968 2229 metenses.
1005 2173 1853 2234 nocet,utputaponelnreriseaussesberedatsmenm,relideo,

118 2237 154 2293 to,
178 2231 325 2293 imumque
348 2238 530 2284 testamentum
547 2239 642 2287 dietum
660 2247 738 2304 ems,
760 2243 789 2290 in
805 2258 857 2303 qu
872 2246 970 2304 mppr„
1005 2239 1269 2302 quisimpubaserat,
1289 2240 1460 2298 heredemque
1476 2239 1625 2289 institutum
1638 2244 1757 2299 rogatum
1768 2240 1792 2287 ei
1811 2254 1839 2287 re

116 2304 181 2361 erat,
204 2303 232 2346 et
254 2296 432 2359 appellatione
449 2303 606 2367 interposita
628 2313 653 2357 et
667 2312 798 2369 pendente
813 2311 881 2361 diem
896 2327 969 2361 suum
1005 2305 1115 2353 stitnere
1126 2306 1303 2357 hereditatem
1316 2311 1339 2368 d.
1352 2311 1376 2359 3.
1388 2308 1416 2354 Si
1428 2306 1492 2368 quis,
1504 2321 1581 2365 quum
1591 2310 1660 2354 esset
1671 2307 1852 2361 exheredatus,

115 2368 239 2427 obiisset,
252 2367 388 2415 irereslibus
400 2370 455 2417 eius
467 2372 543 2421 dirus
555 2375 657 2425 llareus
667 2379 797 2439 subrepit,
818 2384 845 2425 st
857 2380 882 2426 id
893 2380 969 2429 hsba-
1005 2374 1187 2432 pronuntiatus
1206 2376 1248 2423 tel
1257 2388 1391 2435 terreum
1408 2376 1444 2422 Ιίῑ
1454 2374 1626 2421 ”heredum
1641 2387 1694 2421 ¹²⁰⁰
1706 2388 1777 2436 0¹¹0,
1797 2388 1853 2421 ¹¹⁰¹!

115 2434 723 2506 rent‚quodlraberetpatronitilia,sirireset.
745 2446 969 2507 §.i-Siblitssli-
1005 2441 1641 2500 rtdcflitlll'il'ebussssiffli⁰d5⁰⁸¹⁵¹¹¹¹¹¹⁶¹¹¹¹¹²⁸²·
1669 2441 1852 2501 Msiffliu

114 2502 180 2550 berti
193 2503 315 2550 heressis
327 2516 358 2549 eo
370 2503 507 2555 institutus
517 2508 683 2573 abstinuerit,
691 2514 807 2572 queraris
818 2516 923 2563 nomine
935 2517 969 2562 stt
1005 2510 1109 2567 patroni
1121 2510 1292 2559 exheredatus
1303 2510 1329 2556 in
1340 2514 1439 2569 partem
1450 2509 1595 2557 obtinuerit
1606 2509 1637 2555 de
1648 2508 1803 2571 inofficioso,
1824 2510 1853 2556 in

113 2571 199 2631 lueres,
213 2575 342 2629 petronus
353 2568 506 2620 admittitur.
537 2578 560 2636 p.
574 2579 598 2624 3.
610 2579 660 2627 Sed
671 2585 699 2627 et
710 2582 731 2628 si
743 2596 788 2640 por
800 2582 827 2629 in
838 2582 968 2642 summum
1005 2580 1104 2636 puicu
1116 2578 1199 2629 rictus
1209 2578 1253 2639 sit,
1270 2578 1410 2639 rideamus,
1427 2591 1461 2624 an
1472 2581 1564 2625 noceat
1575 2576 1599 2623 ei
1611 2575 1794 2623 esleredstiot
1817 2576 1851 2623 Et

112 2636 315 2685 restitutionem
328 2636 359 2700 is,
371 2640 413 2698 qui
427 2640 524 2689 mixtus
535 2648 574 2689 est
586 2651 711 2703 paternae
718 2648 867 2707 hereditati,
879 2651 968 2710 reiqut
1005 2657 1100 2693 nocere
1110 2645 1232 2708 arbitror,
1245 2646 1306 2703 qnia
1317 2649 1498 2692 testamentum
1509 2644 1587 2703 rslet,
1598 2656 1670 2701 aquo
1678 2643 1850 2691 exheredstns

110 2706 177 2753 sdiit
189 2704 376 2763 hereditatem,
387 2708 545 2756 abstinuerit
556 2725 593 2773 se,
604 2715 766 2776 poteritquis
777 2722 913 2775 patronum
925 2718 969 2764 sd.
1005 2716 1053 2759 est.
1071 2714 1095 2771 h.
1107 2716 1131 2759 s.
1142 2713 1185 2761 Es
1196 2716 1351 2762 testamento
1361 2716 1456 2773 autem,
1470 2726 1502 2759 es
1514 2725 1564 2769 quo
1575 2724 1657 2770 neque
1668 2711 1738 2758 edita
1748 2711 1851 2759 beredi-

110 2773 232 2821 mittere,
263 2770 287 2832 d.
302 2774 326 2817 4.
338 2773 467 2823 Patronus
478 2779 633 2839 patronique
644 2782 911 2839 litieri,siseeurrdnm
924 2798 969 2833 ru.
1007 2784 1045 2827 tas
1055 2783 1104 2840 est,
1115 2794 1199 2839 neque
1210 2780 1424 2840 petitaboaorom
1436 2780 1575 2839 possessio,
1586 2776 1851 2825 liberiseshercdstio

110 2841 247 2889 iontatenr
268 2840 364 2889 mortui
385 2843 475 2893 liberti
496 2845 663 2896 hereditatem
679 2850 802 2907 adierint,
823 2852 970 2910 iepetusnre
1005 2861 1058 2894 non
1070 2852 1162 2906 noeet3
1181 2848 1315 2896 absurdum
1327 2850 1366 2894 est
1378 2846 1446 2895 enim
1463 2848 1490 2893 in
1501 2846 1550 2893 hoe
1560 2850 1659 2893 tantum
1673 2847 1758 2893 valere
1770 2849 1852 2893 testa-

109 2914 154 2956 aut
164 2907 399 2977 fideicommissum
411 2916 498 2971 petere
509 2915 657 2977 maluerint,
668 2919 699 2964 ad
710 2923 803 2969 eontra
814 2920 915 2973 intrudas
923 2921 969 2969 bo.
1005 2918 1127 2977 ssnatusp,
1138 2919 1166 2962 ut
1176 2914 1345 2967 exheredatis
1357 2914 1455 2975 rigeat,
1464 2927 1539 2976 quum
1551 2914 1617 2961 sliss
1627 2926 1680 2961 riou
1689 2913 1783 2959 salens.
1796 2915 1841 2972 §.d

109 2990 204 3025 norum
219 2974 412 3034 possessiouem
425 2994 478 3027 sson
490 2981 672 3033 admittuntur,
1005 2982 1033 3030 Si
1053 2984 1159 3042 petrosi
1174 2984 1245 3031 tilius
1262 2984 1348 3045 priore
1366 2981 1445 3041 pratu
1455 2982 1490 3028 sit
1501 2982 1576 3030 beses
1591 2981 1717 3042 scriptus,
1737 2981 1850 3026 secundo

160 3045 223 3091 Vll·
247 3044 347 3092 Cuius
365 3046 502 3095 ie‘broXV.
519 3051 556 3096 ert
566 3051 683 3101 Edictum
693 3055 868 3112 morineiote.
905 3057 969 3103 h'ssn
1006 3051 1186 3114 eaberedatus,
1208 3051 1269 3099 huie
1279 3063 1332 3097 non
1343 3049 1607 3110 nocetesberedstio,
1629 3061 1704 3106 quum
1717 3047 1851 3095 voluntate

106 3110 255 3160 absurdum
278 3110 389 3172 ridetur,
411 3114 492 3163 licere
506 3117 591 3169 eidem
607 3119 703 3179 partim
721 3124 889 3180 comprobare
903 3122 968 3173 iudi.
1003 3119 1087 3179 patris
1103 3119 1146 3166 rel
1164 3118 1298 3167 exstiterit
1314 3118 1401 3177 lueres,
1423 3117 1464 3165 rel
1482 3115 1609 3164 exsistere
1620 3114 1747 3174 potuerit;
1767 3128 1850 3171 neque

107 3182 175 3228 cium
189 3177 321 3238 defuncti,
333 3181 426 3239 partim
436 3190 566 3233 evertere.
1005 3186 1074 3233 enim
1086 3187 1161 3245 debet
1174 3184 1257 3233 rideri
1269 3188 1344 3245 pstor
1362 3182 1497 3243 indignum
1508 3182 1671 3232 existimasse
1681 3181 1763 3228 lilium
1774 3180 1850 3228 bonis

161 3247 241 3293 vlu.
264 3244 431 3307 Ulpianus
449 3250 638 3301 tibialibus.
655 3254 829 3309 «addicturi.
863 3255 968 3305 sivero
1003 3254 1166 3313 libertorum,
1187 3266 1262 3313 quom
1278 3252 1309 3300 ad
1321 3251 1489 3301 bereditstem
1505 3263 1576 3301 snam
1587 3250 1697 3309 primurn
1708 3250 1849 3297 vocaverit.

105 3329 160 3362 non
174 3311 302 3361 babuerit
312 3314 431 3365 ellectum
443 3318 537 3377 petitio
549 3320 615 3381 eius,
633 3322 691 3375 dico
702 3337 756 3371 isan
768 3323 895 3384 impediri,
916 3337 968 3383 quo
1004 3323 1040 3369 ,lc
1051 3336 1085 3368 ne
1094 3335 1151 3373 eum
1163 3320 1265 3381 quidem
1276 3318 1476 3367 existimandum
1486 3322 1526 3366 est
1537 3316 1693 3366 summoveri
1704 3330 1720 3363 a
1731 3316 1805 3362 bouis
1816 3316 1851 3363 li-

105 3383 194 3429 nsinus
205 3380 360 3429 adiuvetur.
397 3382 468 3441 Quin
479 3385 602 3435 imoetsi
615 3390 653 3437 sie
665 3390 738 3451 adiit,
750 3392 822 3449 quasi
834 3405 867 3439 ex
882 3391 968 3439 debite
1004 3390 1085 3452 berti,
1106 3388 1270 3449 quisprimo
1281 3388 1361 3448 pratu
1373 3386 1558 3447 exheredatus,
1577 3388 1603 3433 et
1614 3382 1679 3431 idem
1691 3383 1849 3431 substitutus
1915 3420 1929 3433 .

103 3447 409 3513 portioneiustitutns,
431 3465 492 3501 mos
503 3457 633 3517 apperuit,
654 3471 712 3505 enas
723 3460 967 3518 missorempsrtear,
1004 3462 1051 3505 est.
1088 3457 1158 3516 Ergo
1171 3456 1202 3518 is,
1222 3454 1265 3515 qui
1277 3454 1416 3503 institutus
1426 3459 1466 3503 est
1477 3453 1550 3501 heres
1563 3451 1604 3500 rel
1616 3453 1700 3510 primo
1710 3450 1799 3513 gradu,
1810 3452 1853 3498 rel

101 3532 180 3575 quam
192 3515 326 3578 sperarit,
343 3517 482 3580 accepisse,
504 3524 683 3579 aequissimum
696 3532 743 3585 est,
754 3527 855 3573 admitti
867 3541 925 3575 eum
936 3528 967 3574 sd
1003 3525 1131 3585 sequenti,
1144 3525 1185 3571 rel
1197 3523 1311 3580 alioque
1323 3521 1414 3585 gratim
1431 3522 1492 3568 lieet
1504 3521 1614 3568 estseres
1624 3518 1659 3566 sit
1670 3519 1759 3566 eodem
1772 3524 1854 3565 teste-

101 3582 338 3632 suunsssssiiium.
374 3584 967 3653 Sedetsitestatoconressissetberedem,ut
1003 3596 1100 3654 mento,
1120 3597 1225 3641 nonest
1237 3587 1559 3638 summouendusaliberti
1571 3587 1654 3634 bonis.
1690 3586 1852 3648 §.Uips-

99 3653 151 3700 sibi
163 3653 292 3712 legatum
303 3652 462 3718 rasceretur,
471 3670 529 3707 mox
542 3659 726 3721 poenituisset,
746 3667 812 3721 pute
823 3676 880 3711 eum
890 3675 967 3723 posse
1003 3661 1073 3715 tropi
1085 3659 1155 3707 tilius
1165 3658 1341 3718 emancipatus
1352 3657 1468 3704 noluerit
1478 3655 1552 3704 adire
1563 3654 1741 3714 hereditatem,
1756 3652 1798 3700 rel
1808 3654 1852 3711 qui

99 3719 239 3767 adiuvari.
279 3718 301 3780 i.
318 3722 339 3767 l.
357 3716 648 3787 Sipstrouusiepatam
658 3729 840 3779 sibireiietuns
851 3743 966 3787 agnose-
1003 3728 1029 3774 in
1042 3730 1171 3786 potestate
1181 3731 1224 3774 est¹
1234 3727 1360 3789 retinere,
1370 3726 1455 3775 nihilo
1464 3723 1550 3773 minus
1561 3722 1650 3769 liberti
1661 3724 1853 3780 bonorumpos·

101 3788 148 3851 rit,
165 3788 251 3844 idque
262 3787 345 3834 luerit
359 3788 482 3855 eristum,
503 3795 625 3853 competit
639 3796 663 3842 ei
674 3794 817 3855 legitimum
828 3798 966 3849 auxilium.
1002 3796 1144 3845 sessionem
1156 3794 1266 3845 habebit.

100 3854 222 3918 qaiaisl,
244 3854 815 3921 «ruodsperaritsedebiturumnonirsbet.
845 3866 895 3912 Sed
906 3864 966 3913 etsi
1052 3863 1126 3911 xttt
1143 3863 1379 3911 Iutiosssliiro
1393 3860 1491 3910 xxt'r.
1506 3860 1681 3922 Digestorum.
1710 3857 1849 3918 Filiusps·

100 3937 155 3971 noa
169 3920 263 3971 totum
276 3923 388 3971 evictum
400 3923 449 3985 sit,
471 3941 560 3979 reruni
571 3931 669 3989 sliquid
686 3932 771 3981 minus
783 3933 873 3985 labet,
893 3946 965 3990 qaam
1002 3932 1072 3979 troni
1086 3931 1267 3991 exheredatus,
1278 3930 1396 3989 quereris
1405 3943 1486 3989 nepos
1497 3940 1530 3975 es
1544 3940 1575 3975 eo
1585 3927 1662 3975 heres
1672 3926 1784 3985 scriptus
1795 3926 1851 3973 iue-

97 3990 220 4052 putarii,
242 3988 559 4045 eriteisulrreniendum
596 3998 654 4058 Μ.
673 3999 788 4047 Sisers'o
802 3999 966 4045 scliiliosuo
1002 4002 1054 4063 rit,
1076 4001 1203 4047 bonorum
1215 3997 1406 4057 possessionem
1422 4002 1514 4045 contra
1526 3995 1626 4043 tabulas
1638 4000 1806 4053 paternorum
1817 3993 1852 4040 li·

96 4056 202 4119 siliquis!
215 4056 343 4105 relictum
353 4065 480 4117 petronus
491 4066 639 4127 agitaverit,
646 4067 754 4125 perinde
765 4081 780 4113 a
790 4071 881 4113 eosstm
892 4067 965 4111 tabu-
1002 4068 1135 4114 bertorum
1146 4065 1261 4124 accipere
1271 4080 1326 4113 non
1337 4069 1439 4125 potest;
1453 4066 1515 4112 licet
1527 4062 1595 4109 enim
1609 4060 1769 4109 necessarius
1779 4060 1851 4108 essi·

95 4128 137 4173 las
149 4128 290 4173 bonorum
303 4128 467 4185 possessione
478 4131 628 4193 repelletur,
646 4138 723 4192 atque
735 4133 756 4181 si
768 4134 916 4193 agnovisset
930 4134 965 4180 si·
1001 4139 1052 4180 stat
1063 4134 1131 4192 patri
1143 4145 1200 4193 sao,
1212 4146 1265 4179 noo
1277 4132 1509 4194 persemetipsum,
1531 4129 1576 4176 sed
1589 4142 1636 4187 per
1645 4130 1723 4176 alium
1734 4130 1766 4174 ed
1777 4128 1850 4174 here-

96 4194 121 4241 bi
134 4195 282 4242 relietum.
306 4194 328 4255 h.
342 4196 366 4240 ³.
379 4194 430 4242 Sed
443 4198 606 4251 etsimortis
618 4213 695 4249 causa
705 4202 964 4259 donatiouemagno-
1001 4202 1108 4249 ditatem
1120 4198 1274 4247 admittitur.
1311 4192 1850 4257 Eteerteeossstat,siemsneipatussslius

94 4263 188 4317 uerit,¹
203 4260 347 4309 dicendum
358 4266 407 4321 ost,
428 4265 519 4324 repelli
531 4281 588 4315 eum
599 4281 614 4313 a
625 4273 716 4316 contra
728 4269 827 4315 tntsnias
838 4271 963 4315 bonorum
1000 4266 1173 4317 esleredssus
1186 4267 1275 4327 luerit,
1286 4270 1312 4315 et
1322 4280 1412 4315 sersus
1423 4268 1478 4315 eius
1489 4267 1564 4313 ireres
1575 4262 1694 4323 scriptus,
1706 4262 1754 4311 etsi
1767 4260 1850 4311 iusse-

92 4326 286 4389 possessiorie,
294 4327 331 4375 sic
341 4334 437 4385 tamen,
448 4332 470 4381 si
478 4338 536 4395 post
544 4340 652 4381 mortem
661 4336 748 4383 liberti
757 4337 910 4394 ugrsorsritr
923 4349 963 4383 ee·
1000 4336 1035 4383 rit
1044 4347 1146 4383 serrstsn
1155 4334 1326 4385 tantitatem
1336 4335 1422 4393 adire,
1445 4338 1470 4381 et
1482 4334 1520 4380 its
1529 4330 1599 4391 patri
1618 4343 1664 4377 suo
1681 4330 1755 4376 ireres
1766 4329 1851 4377 exsti-

92 4405 181 4445 serum
194 4395 222 4444 si
236 4396 264 4443 ei
279 4394 353 4443 risus
363 4398 475 4447 libertus
486 4402 603 4459 donarit,
614 4407 640 4451 et
650 4403 696 4450 iile
709 4403 815 4462 accepit,
828 4417 879 4453 riou
887 4402 963 4449 idcir·
1001 4404 1072 4462 terit,
1084 4416 1137 4449 noo
1149 4401 1294 4449 habiturum
1306 4408 1397 4453 contra
1409 4401 1509 4451 tsbnlss
1518 4403 1686 4459 paternorum
1695 4396 1850 4445 libertorum

91 4479 124 4512 eo
137 4465 196 4513 erit
208 4463 339 4523 repulsus
351 4479 366 4512 a
377 4472 468 4517 contra
480 4470 579 4517 tabulas
587 4471 893 4530 bonorprnpossessiuoe,
904 4470 964 4529 quio
1000 4472 1126 4521 honorum
1139 4469 1337 4531 popsessiottsm·

90 4536 186 4593 potest
197 4531 306 4591 dicere,
327 4546 454 4597 sperasse,
474 4536 541 4596 qnod
553 4538 581 4583 in
593 4542 747 4597 testamepto
763 4551 864 4596 qunque
875 4540 964 4597 gratus
1048 4538 1117 4587 xiv.
1140 4538 1202 4597 Uip
1209 4539 1305 4587 iussas
1316 4538 1383 4597 libro
1398 4535 1482 4585 XLV.
1493 4537 1530 4587 ad
1539 4532 1668 4583 Edictum·
1697 4531 1759 4592 out,
1772 4544 1850 4589 quum

88 4601 164 4651 circa
175 4612 246 4648 enm
259 4596 344 4659 tieret,
360 4603 510 4660 remittique
520 4604 544 4650 ei
556 4605 631 4653 debet
645 4606 724 4652 abeis
736 4605 869 4665 decedere.
881 4605 922 4651 sel
933 4618 964 4651 ee
1000 4605 1083 4655 maior
1094 4610 1158 4655 natu
1169 4609 1237 4654 esset
1250 4602 1344 4665 viginti
1356 4605 1469 4662 quinque
1481 4601 1566 4661 sonis,
1577 4600 1698 4647 libertum
1705 4599 1798 4658 eapitis
1809 4612 1849 4645 ae-

88 4664 319 4729 compensarein
331 4669 482 4727 portionem
492 4684 539 4731 pro
551 4678 615 4723 rats.
651 4671 963 4732 §.adscredicitunet
998 4674 1145 4735 curareris,
1167 4672 1413 4731 suttuservttuteu
1431 4671 1551 4731 petierit.
1572 4670 1850 4715 remotsiul'swssist

87 4738 110 4784 si
123 4733 306 4783 conditionis
324 4734 469 4795 implendae
485 4752 562 4785 cansa
572 4738 632 4799 quid
653 4741 732 4789 tuerit
749 4741 835 4793 datum
851 4743 963 4799 patrpno
1000 4742 1100 4791 tabulas
1112 4742 1237 4791 bononm
1248 4740 1423 4803 possessione.
1444 4740 1467 4798 i·
1483 4740 1503 4785 l·
1517 4738 1544 4786 Sl
1557 4749 1619 4782 tero
1630 4733 1851 4782 ⁸⁰⁰¹¹⁸1²V0f3⁸¹¹¹5·

86 4808 149 4865 post
162 4805 293 4852 mortem
304 4801 401 4865 liberti,
420 4806 513 4867 repelli
525 4821 582 4854 esssn
593 4820 610 4855 a
620 4812 712 4871 eontra
724 4808 825 4857 tubulas
836 4808 963 4859 bonorum
1001 4823 1058 4869 nor,
1068 4810 1205 4859 dieendssm
1218 4812 1266 4869 est,
1287 4808 1356 4855 hune
1368 4820 1420 4854 non
1430 4803 1544 4861 excludi,
1564 4803 1620 4848 sire
1632 4802 1696 4862 ipse,
1712 4802 1768 4849 sire
1780 4806 1850 4879 tutor

86 4871 295 4932 possessione,
313 4871 386 4928 qussi
398 4873 537 4932 agnoverit
548 4874 680 4923 iudicium.
717 4877 740 4937 t,
754 4879 777 4923 i.
800 4876 826 4925 lii
838 4879 962 4933 patronus
1000 4878 1057 4925 eins
1069 4878 1229 4939 releurator
1239 4874 1407 4923 mcusssertr.
1430 4875 1452 4932 p.
1464 4877 1489 4920 2.
1500 4872 1551 4920 Sed
1562 4868 1584 4917 sl
1596 4869 1682 4917 minor
1693 4868 1796 4929 quidem
1807 4881 1849 4915 rn-

85 4941 182 4988 sninor
195 4935 287 4985 annis
300 4938 393 4997 viginti
413 4941 524 4999 quinque
535 4942 623 4989 liberti
635 4942 757 4991 iudicium
768 4944 921 5003 agnorerit,
934 4944 960 4989 in
999 4944 1116 4992 stitnerit
1127 4943 1332 4999 arcuationem,
1352 4939 1435 4989 maio'r
1446 4942 1532 4988 sutem
1543 4941 1627 4986 iectus
1638 4938 1795 4985 sententiam
1807 4948 1848 5013 ιι]-

82 5009 236 5070 integr-usn
251 5006 358 5053 restitui
369 5021 428 5055 eura
439 5014 559 5068 oportere
570 5010 798 5069 existimaremus
807 5011 890 5068 possit
900 5024 963 5058 eon·
999 5012 1105 5073 ceperit,
1122 5010 1234 5071 benigne
1245 5010 1294 5057 erit
1307 5008 1449 5069 dicendum,
1461 5006 1560 5069 ignosci
1573 5005 1597 5052 ei
1609 5005 1712 5068 debere,
1730 5005 1790 5064 qnia
1801 5017 1848 5049 sns-

84 5072 405 5132 lftl⁸b⁰¹⁸⁸⁸⁰⁶3lm
494 5128 501 5139 ,
803 5118 807 5129 .
997 5070 1849 5148 aoreoepit„Nequeessrmtmputsreeipessundaeurnonrf.

137 5142 194 5191 lx.
218 5138 433 5191 Paaldstidro
445 5141 533 5191 xdrr.
545 5143 719 5195 adlidictssss.
747 5145 799 5203 Qui
811 5144 838 5191 ia
849 5146 963 5197 servitu·
998 5145 1110 5197 seruerit
1128 5145 1332 5203 accusationem,
1354 5143 1395 5191 rel
1411 5157 1455 5191 eur
1472 5140 1642 5191 abolitionem
1659 5153 1712 5187 non
1735 5138 1850 5201 petierit,

81 5216 137 5265 tere
148 5211 299 5263 libertum
311 5212 445 5266 paternum
458 5208 573 5271 petierit,
591 5226 639 5261 nec
649 5213 754 5261 nomine
768 5213 908 5275 libesnrsar
920 5215 962 5259 bo·
997 5228 1072 5275 quum
1082 5212 1193 5263 aiterum
1206 5212 1227 5259 si
1239 5210 1356 5281 iecisset,
1378 5211 1405 5267 ip
1416 5208 1605 5271 Turbiffistwm
1618 5208 1762 5265 incideret,
1783 5206 1850 5252 θΙῑθ·

80 5292 188 5333 norman
201 5270 644 5345 possessionemaeciperepotest.
692 5324 696 5333 ,
997 5296 1053 5331 rssn
1064 5294 1119 5331 non
1131 5280 1206 5331 iaeiie
1217 5281 1377 5337 impetretur.
1411 5279 1486 5327 Certe
1497 5279 1519 5324 si
1531 5277 1677 5326 abolitione
1688 5274 1792 5336 publice
1803 5272 1844 5319 ds·

127 5342 168 5395 X.
195 5342 961 5412 virsionensis-osubsternotastaspssmsn
998 5353 1024 5413 ts
1034 5348 1133 5407 repetit
1144 5348 1193 5403 iprn
1206 5346 1499 5407 mutonrieendumest,
1511 5344 1846 5394 lsuacesserensovendunr;

76 5413 169 5463 alieni
184 5404 366 5461 satistac'tum
378 5406 432 5463 n'on
444 5414 503 5475 erit,
521 5414 558 5462 its
569 5420 597 5461 ut
607 5415 654 5463 alii
664 5416 774 5479 amplius
783 5429 830 5463 sus
840 5414 962 5478 portione
998 5418 1082 5471 mpior
1093 5415 1160 5467 enirn
1173 5417 1256 5479 laetus
1267 5402 1352 5477 potuii
1364 5414 1420 5463 sine
1432 5415 1525 5465 timore
1542 5414 1661 5465 deserere
1672 5412 1795 5459 abolitam
1806 5419 1847 5483 ατς

78 5480 219 5531 esbonis
241 5478 337 5529 liberti
349 5478 529 5544 relinquatur,
548 5480 582 5549 ei,
607 5483 820 5545 cuisstisiactpm
838 5497 891 5535 non
903 5484 962 5544 erit,
998 5485 1169 5547 questionem.
1205 5480 1783 5545 5.i.lsdemumrideturcapitissecnsassc.
1804 5485 1849 5533 qus

76 5552 118 5600 ito
129 5532 214 5599 serio
229 5546 353 5603 dalsitur,
366 5553 397 5605 nt
406 5551 463 5599 eins
474 5550 562 5609 portio
573 5550 723 5613 suppleatur
732 5564 818 5607 erc-eo,
836 5551 903 5610 duod
915 5565 962 5599 ex·
996 5552 1044 5609 teti
1055 5550 1154 5617 ,udicio
1165 5546 1273 5615 appetit,
1292 5550 1364 5607 euius
1377 5564 1461 5609 poena
1473 5553 1519 5598 sut
1530 5548 1681 5609 supplicium
1693 5543 1794 5622 habult,
1803 5542 1849 5586 aut

75 5618 192 5673 pango·
200 5613 319 5667 heredi.
334 5620 360 5669 et
372 5616 440 5676 quod
451 5623 560 5677 patrono
571 5632 730 5679 suprasnesn
742 5618 887 5681 portionem
899 5616 963 5667 reli.
998 5620 1055 5667 essi
1069 5620 1131 5677 inm,
1149 5619 1217 5676 qnod
1228 5616 1330 5667 sitrico
1341 5616 1540 5678 deportationis,
1554 5617 1596 5663 nbi
1608 5614 1700 5660 ciritas
1710 5610 1846 5689 amrttstus.

74 5690 150 5737 mum
164 5688 226 5735 esst.
273 5678 370 5731 Eidem
382 5684 450 5731 rutio
462 5689 488 5732 et
505 5685 531 5732 in
545 5687 662 5742 pluribus
673 5689 789 5747 patronis
805 5686 962 5736 servabitur.
996 5688 1022 5749 p.
1032 5690 1058 5735 d.
1075 5685 1108 5739 hi
1121 5690 1207 5733 tsnsen
1217 5684 1274 5745 quis
1286 5685 1407 5747 libertum
1418 5700 1449 5734 eo
1461 5686 1569 5734 crimine
1579 5683 1754 5736 accusaverit,
1776 5685 1850 5722 eurus

71 5746 302 5829 putjlulianus
313 5754 364 5797 uit:
387 5766 453 5813 cunr,
475 5754 678 5815 possumusne
691 5754 862 5805 sibercdatns
873 5759 925 5813 est,
948 5768 964 5801 a
1000 5768 1084 5814 poesis
1095 5767 1148 5799 non
1160 5757 1200 5800 est
1211 5753 1313 5817 cepitis,
1331 5758 1498 5864 νῆοζυὶιίοωαιι
1510 5749 1634 5801 iudicanti
1644 5745 1741 5807 placuit
1752 5752 1848 5803 staats
