4314 6436
332 398 417 454 ulti.
446 400 561 459 XXIX.
589 399 616 456 5.
661 402 718 476 Dii
754 402 1189 463 §suasusconsuuro
1226 407 1453 467 Statilino
1488 414 1584 467 ETG.
1634 454 1637 457 v
1767 412 1820 468 ³⁰0

100 539 248 592 medelum
260 538 310 603 his,
330 541 421 598 qulbus
431 540 551 600 singulae
561 555 603 592 ses
615 556 661 602 per
671 542 895 592 stetmrsntrmn
906 559 950 594 re·
980 549 1051 594 tutus
1061 549 1124 596 adiit
1134 550 1310 609 hereditatem,
1323 553 1388 599 nihil
1399 566 1455 605 eum
1467 554 1527 602 delo
1538 556 1630 617 tacere,
1642 553 1758 603 lulianus
1769 566 1821 602 ex·

100 611 175 658 Betae
186 611 257 671 suat,
267 620 322 654 uon
332 609 415 666 magis
425 610 550 655 tributum
560 615 608 671 est,
620 623 693 669 quam
704 611 847 669 legatariis.
979 616 1089 677 intimat,
1109 617 1169 673 quia
1184 631 1261 666 nemo
1279 619 1347 666 tiliae
1364 628 1461 677 patrem
1477 628 1566 668 contra
1584 626 1670 668 retum
1688 626 1823 679 parentum

146 675 242 722 xvsti.
261 675 279 721 1
283 675 351 721 dass
360 675 428 722 libro
433 677 473 723 11.
486 676 518 723 de
529 679 690 724 testamentis
699 676 853 725 arlEdr'etars
860 678 944 726 Prae·
978 681 1135 730 substituere
1146 684 1256 745 ridetur,
1267 686 1311 732 sed
1323 692 1349 733 ut
1362 690 1496 735 arbitrium
1509 689 1622 747 eligendi
1634 688 1772 746 relinquat.

100 743 277 793 rerisrsrbasi.
313 741 342 787 Si
361 741 411 788 duo
429 743 535 790 heredes
545 742 661 790 iustituti
678 745 751 791 ambo
763 745 945 791 omissaesusa
1028 748 1134 796 XXvIl.
1153 751 1315 799 Idemlibro
1329 754 1584 814 l'1.liespoasnrsun.
1607 752 1823 801 blaterseeundis

8 852 9 855 ,
101 809 248 859 testamenti
259 808 291 855 ah
302 808 428 855 intestato
439 809 585 868 possideant
597 810 778 873 hereditatem,
796 815 867 871 tune,
885 810 945 867 ouis
972 816 1067 861 tabells
1079 818 1203 876 impuberi
1212 821 1265 865 lilio
1278 821 1418 866 substituta
1431 821 1515 868 locum
1526 821 1611 883 edicto
1623 821 1694 880 lacit,
1706 821 1728 866 si
1741 820 1819 867 orata-

101 882 208 934 uterque
219 877 352 934 praetorio
362 875 420 923 isre
431 876 537 932 perinde
552 877 674 935 hahetur,
695 881 771 937 atque
786 879 808 924 si
820 892 853 925 ex
866 882 944 924 testa-
971 895 1001 928 se
1011 886 1168 930 testamento
1179 885 1319 943 legitimam
1330 888 1499 934 hereditatem
1514 889 1561 934 tilii
1574 887 1712 945 possideat.
1750 888 1820 933 Idam

99 942 365 994 meutohmeditstem
377 942 498 1004 adiisset,
520 956 566 1002 pro
576 945 693 1001 partibus
702 944 730 990 iu
744 945 863 1003 singulos
874 958 943 990 eom·
972 949 1037 995 luris
1048 950 1113 1008 erit,
1133 955 1159 996 et
1179 952 1201 997 si
1218 952 1274 999 tilio
1285 954 1358 1000 heres
1371 954 1428 999 dats
1439 956 1474 1000 ait
1486 959 1512 1001 et
1523 957 1670 1001 substituta.
1707 955 1730 1014 5.
1749 956 1769 999 I.
1788 955 1821 1000 lu

99 1012 163 1073 petit
174 1009 252 1056 actio.
290 1011 313 1069 ς.
328 1012 350 1055 l.
362 1009 523 1056 Admonendi
534 1022 630 1070 sumus,
642 1011 709 1070 huie,
730 1011 841 1070 laquem
853 1025 885 1057 ex
898 1012 944 1057 hae
971 1015 1129 1065 seutentiam
1142 1018 1219 1064 edicti
1231 1024 1337 1077 propter
1347 1021 1493 1078 legatorum
1503 1037 1606 1070 eausam
1616 1024 1698 1069 trater
1709 1021 1820 1069 instilla-

100 1081 171 1140 μήθ
180 1076 258 1124 edicti
269 1076 415 1135 legatorum
423 1076 492 1123 aetio
509 1076 599 1139 datur,
622 1077 773 1125 heneficium
783 1078 849 1137 legis
858 1077 944 1125 Falci·
973 1097 1002 1131 se
1012 1097 1066 1132 uun
1078 1082 1221 1145 videbitur,
1232 1086 1275 1141 qui
1286 1087 1368 1133 tilium
1380 1101 1454 1136 sunm
1464 1090 1630 1137 substitutum
1642 1089 1766 1146 impuberi
1780 1096 1819 1134 te-

99 1146 155 1194 diae
167 1143 367 1190 concedendum.
978 1149 1104 1194 statuente
1115 1147 1205 1194 trstrts
1216 1161 1269 1194 nou
1280 1152 1458 1211 emanciparit,
1470 1154 1514 1197 sed
1524 1157 1554 1200 ab
1568 1155 1692 1200 intestato
1704 1166 1750 1210 per
1760 1164 1820 1199 eum

146 1208 219 1257 xta
240 1209 403 1257 ldeusir‘hro
412 1209 465 1256 XV
466 1212 505 1257 11.
516 1213 554 1258 ari
558 1211 678 1259 Edictum
681 1214 854 1272 provinciale.
865 1212 943 1258 Prac-
978 1216 1045 1260 bona
1056 1213 1186 1272 possidere
1198 1217 1291 1272 coepit.
1328 1218 1350 1274 i.
1363 1221 1387 1262 2.
1410 1219 1437 1261 lu
1449 1232 1514 1278 eum,
1535 1222 1577 1278 qni
1591 1226 1744 1266 testamento
1756 1219 1821 1264 scri·

99 1284 169 1327 term
179 1281 290 1336 patrono
300 1288 408 1338 quoquc,
419 1278 463 1334 qui
474 1290 506 1323 ea
518 1290 575 1325 asse
587 1279 661 1326 heres
671 1280 807 1325 institutus
819 1282 867 1338 est,
879 1278 900 1324 si
912 1279 943 1324 ab
978 1284 1036 1339 ptus
1047 1282 1121 1328 heres
1131 1294 1185 1327 non
1196 1282 1253 1343 tait,
1273 1282 1295 1328 ai
1307 1283 1404 1328 lraudis
1417 1284 1526 1330 consilio
1540 1300 1596 1332 enm
1607 1287 1741 1333 heredibus
1752 1285 1818 1331 scri-

100 1348 225 1394 iuteststo
238 1344 369 1401 possideat
381 1343 557 1404 hereditatem,
568 1346 726 1392 commodum
737 1347 819 1404 partis
830 1345 942 1407 debitae,
978 1348 1028 1406 ptis
1048 1347 1216 1409 participato,
1242 1348 1383 1408 legitimam
1404 1350 1571 1398 hereditatem
1591 1355 1662 1399 solus
1679 1352 1820 1417 possideat,

98 1413 164 1472 qnod
176 1409 311 1457 habiturus
321 1411 399 1471 ieret,
410 1410 433 1455 si
443 1423 477 1457 ex
489 1412 943 1474 testamentoadiisssthereditatem,
978 1415 1046 1461 actio
1057 1415 1205 1473 legatorum
1216 1429 1248 1463 ea
1260 1416 1392 1462 sententia
1402 1416 1533 1465 Praetoris
1545 1419 1654 1465 dabitur.
1823 1460 1828 1471 .

98 1480 199 1526 salsum
210 1489 268 1523 esse
280 1478 364 1524 debet.
1027 1480 1147 1527 xxvsts.
1165 1483 1318 1529 Maeciam
1326 1497 1362 1529 ss
1372 1484 1438 1529 libro
1448 1483 1494 1528 IV.
1504 1484 1774 1533 fideicommissorum.
1792 1484 1823 1532 Si

144 1544 206 1591 XX.
229 1544 398 1603 Ulpiaasss
415 1545 481 1590 libro
500 1543 545 1589 11⁷.
557 1545 780 1604 Disputationes.
816 1545 943 1592 Steadem
977 1559 1077 1593 serrum
1088 1548 1507 1621 heredembrstitutumdominus,
1528 1551 1820 1610 quiipserogutusiue-

98 1625 137 1661 res
148 1611 263 1657 dirersis
279 1610 398 1669 personia
414 1611 445 1656 ab
462 1610 585 1657 instituto
602 1615 629 1657 et
639 1612 780 1659 substituto
791 1611 869 1659 luerit
879 1611 943 1658 reli·
977 1618 1018 1660 rat
1028 1613 1249 1662 fideicommissum
1257 1620 1399 1677 praestare,
1407 1616 1554 1675 priusquam
1564 1619 1636 1664 adire
1643 1618 1752 1679 iuberet,
1760 1631 1810 1664 ven

98 1683 146 1738 eta,
167 1689 224 1725 nou
235 1682 353 1738 uterque,
367 1677 412 1723 aed
422 1677 465 1736 qui
477 1679 508 1724 ab
519 1677 640 1724 instituto
651 1679 758 1743 accepit,
775 1678 847 1725 solus
858 1678 942 1724 vindi·
977 1680 1079 1743 diderit,
1090 1687 1219 1739 praestare
1230 1683 1255 1728 id
1273 1681 1355 1744 debet,
1376 1697 1450 1742 quum
1462 1697 1507 1742 per
1518 1685 1629 1743 pretium
1639 1685 1707 1731 serui
1719 1684 1808 1730 heredi

98 1746 175 1794 cshit.
978 1747 1039 1793 latis
1049 1760 1149 1804 quoque
1159 1750 1362 1796 aestimationem
1378 1758 1559 1806 consequatur.
1595 1754 1618 1811 θ.
1634 1753 1656 1796 1.
1678 1751 1822 1798 institutus

143 1812 219 1858 XXI.
237 1812 256 1858 1
260 1813 309 1858 sii
315 1824 398 1858 nass
411 1811 479 1858 libro
490 1811 546 1858 XX
550 1812 573 1857 V
574 1812 613 1858 11.
625 1813 798 1874 Digestorum.
829 1811 857 1858 Si
872 1810 942 1858 filius
976 1816 1051 1862 heres
1062 1818 1089 1860 et
1100 1820 1206 1873 rogatus
1216 1817 1355 1864 restituere
1365 1817 1541 1879 hereditatem,
1553 1817 1576 1863 si
1586 1818 1681 1864 omissa
1692 1830 1768 1863 cauas
1781 1820 1821 1864 te·

98 1892 168 1927 neus
179 1893 196 1925 a
206 1882 286 1924 matre
297 1891 344 1924 sus
354 1879 428 1925 heres
439 1878 549 1938 scriptus
562 1879 655 1939 tuerit,
675 1884 701 1926 et
713 1892 771 1940 ego,
793 1878 941 1926 testamenti
977 1882 1098 1928 statuenti
1110 1882 1253 1941 legitimam
1260 1883 1427 1931 hereditatem
1434 1885 1572 1946 possideat,
1585 1898 1636 1930 ιιοιι
1649 1885 1734 1945 dubie,
1745 1888 1773 1929 ut
1782 1883 1820 1932 le-

98 1958 174 1994 esssa
187 1945 296 2005 omissa,
318 1948 443 1992 honorum
454 1945 643 2003 possessionem
654 1946 768 1994 eiusdem
777 1945 826 1992 tilii
839 1945 943 1992 nomine
977 1952 1037 2006 gata
1046 1953 1183 2005 ceteraque
1194 1949 1396 2007 fideicommissa,
1408 1951 1445 1996 ita
1455 1952 1624 1999 hereditatem
1635 1964 1733 2011 quoque
1743 1950 1822 1997 resti-

96 2014 208 2074 petiero,
220 2013 287 2059 actio
298 2012 442 2072 legatorum
453 2014 479 2058 iu
491 2028 530 2060 me
540 2013 596 2059 dsrl
607 2014 710 2060 debebit
718 2027 772 2059 aon
783 2026 866 2074 secus,
879 2010 943 2058 sesi
977 2022 1051 2062 tuere
1071 2016 1264 2073 compellendus
1285 2023 1337 2075 est,
1361 2018 1497 2065 libertates
1517 2031 1617 2077 quoque
1638 2022 1689 2064 tam
1710 2018 1822 2064 directas

96 2081 150 2140 ipse
163 2079 364 2137 heresscriptns
382 2079 476 2126 omissa
491 2092 567 2126 eausa
583 2079 731 2127 testamenti
749 2081 942 2138 bonorumpos-
976 2082 1316 2139 quamddcicammissariss.
1353 2084 1547 2132 Sedsialienos
1565 2084 1822 2147 serresrogatussit

97 2148 243 2195 sessionem
254 2147 286 2191 ah
296 2148 422 2193 intestato
432 2147 595 2205 accepissem.
978 2149 1166 2209 manumittere,
1185 2149 1274 2206 utique
1284 2151 1410 2198 redimere
1420 2165 1465 2198 eos
1476 2151 1593 2210 debebit,
1614 2164 1669 2198 essa
1680 2156 1764 2197 autem
1776 2150 1821 2197 de-

142 2212 232 2259 xxu.
251 2212 339 2259 Idem
349 2211 530 2259 tidroxlliil.
538 2215 713 2273 Digestorum.
725 2216 754 2261 Si
765 2214 793 2261 in
803 2216 942 2261 testamen·
976 2217 1117 2261 cessionem
1130 2216 1243 2274 patietur
1254 2217 1285 2276 ir,
1307 2218 1347 2262 cul
1362 2218 1484 2265 restituta
1495 2218 1576 2265 luerit
1586 2217 1725 2279 heredites,
1746 2230 1822 2274 quana

96 2284 123 2328 to
133 2281 173 2326 ita
184 2279 305 2337 scriptum
318 2280 412 2326 tuerit:
427 2280 508 2325 ditias
517 2279 670 2342 uersuum
680 2282 875 2329 ss‘Yitiasberrs
882 2283 941 2341 erit,
976 2285 1007 2345 is,
1019 2283 1062 2339 qni
1074 2282 1225 2343 restitnerit,
1237 2296 1358 2341 passarus
1369 2286 1427 2331 init.

95 2348 218 2397 Μαιυικι
227 2340 378 2402 heresem,
388 2349 415 2393 et
426 2346 512 2392 Titius
523 2347 618 2393 omissa
631 2348 941 2396 causalestsmentihete-
1028 2348 1123 2395 XXIX.
1144 2351 1315 2409 Ulpianus
1330 2353 1397 2398 titre
1418 2351 1728 2399 Mideieossan'ssorsras.
1765 2346 1820 2403 out

96 2415 204 2461 dilatem
218 2412 359 2471 legitimam
370 2412 523 2473 possederit,
535 2414 637 2461 blsevio
648 2416 769 2463 adsersus
780 2428 836 2463 eum
848 2415 940 2474 petitio
976 2417 1070 2464 emisse
1081 2428 1158 2463 causa
1169 2418 1316 2464 testamenti
1329 2419 1359 2464 ab
1370 2420 1496 2466 intestato
1512 2418 1627 2477 possidet
1642 2416 1819 2479 hereditatem,

95 2479 252 2528 hereditatis
263 2479 318 2525 dari
329 2493 381 2526 non
392 2481 466 2526 debet
479 2493 525 2537 pro
536 2487 617 2540 parte,
635 2495 709 2537 quam
719 2483 853 2529 habiturus
863 2484 940 2542 esset,
975 2497 1065 2531 servos
1076 2483 1107 2530 sd
1119 2481 1262 2531 libertatem
1273 2486 1412 2542 perducere
1424 2486 1508 2546 debet,
1530 2499 1562 2531 ne
1573 2486 1610 2530 cis
1621 2487 1716 2531 tactum
1726 2488 1819 2529 nocent

95 2547 365 2594 amrmemus-s
384 2546 479 2593 omissa
494 2548 657 2594 nanlaisset.
693 2551 756 2596 Cara
766 2550 835 2595 enim
845 2547 940 2594 omisso
975 2553 1039 2611 eius,
1062 2550 1105 2608 qui
1116 2564 1150 2597 ex
1162 2555 1314 2599 testamento
1325 2552 1397 2599 adire
1408 2552 1508 2612 nolutt;
1526 2551 1667 2612 statumen,
1688 2555 1716 2596 ut
1727 2550 1819 2597 habeat

95 2620 254 2662 testamento
266 2613 394 2660 hereditas
405 2614 559 2673 possidetur,
570 2615 854 2676 legatorumquidemet
862 2616 940 2662 liber-
974 2620 1091 2665 libertos.

94 2687 178 2729 tatum
189 2682 259 2728 ratio
271 2680 386 2731 habenda
397 2686 444 2741 est,
465 2681 525 2736 qaia
535 2682 622 2743 aliter,
638 2696 712 2739 quam
723 2684 754 2729 ab
764 2682 865 2739 herede,
884 2680 939 2726 dari
1024 2685 1105 2730 XXX.
1125 2685 1417 2746 Hermogeniana
1434 2688 1500 2735 ls'hro
1515 2686 1571 2733 111.
1591 2686 1658 2731 iaris
1676 2682 1859 2742 Epitomu-,
1946 2684 1954 2707 ¹

94 2763 145 2797 nou
156 2752 312 2808 potuerunt,
324 2748 474 2795 hereditatis
486 2761 556 2809 vero,
566 2763 631 2808 quse
642 2750 679 2795 ita
689 2749 802 2805 ᾱιιιιιι,
813 2749 939 2795 rationem
974 2767 1039 2798 rum.
1071 2750 1119 2808 Qui
1132 2752 1226 2797 omissa
1236 2767 1312 2798 musa
1323 2755 1469 2801 testamenti
1483 2766 1529 2814 pro
1541 2756 1649 2806 emtore,
1660 2751 1702 2796 vel
1713 2762 1760 2808 pro
1771 2749 1830 2796 tlo-v

93 2817 190 2864 bbere
201 2816 311 2862 Pr⁸⁰i⁰r
321 2828 373 2861 ¹¹⁰²
384 2815 470 2871 debet;
490 2829 536 2862 ¹¹¹⁸
546 2817 615 2863 enim
626 2816 702 2875 culpa
718 2820 827 2863 testetur
836 2816 882 2861 sab
895 2814 941 2861 hac
975 2824 1008 2881 te,
1030 2819 1072 2866 rel
1083 2832 1130 2877 pro
1141 2819 1253 2880 donato,
1271 2818 1327 2866 sive
1337 2821 1390 2866 alio
1401 2822 1516 2878 quolibet
1528 2818 1622 2877 titulo,
1644 2816 1759 2874 exeeptis
1770 2828 1817 2874 pro

94 2883 249 2931 conditione
323 2883 414 2928 ditatis
424 2884 523 2940 partem
534 2882 613 2944 dedit,
623 2896 695 2942 quam
707 2883 790 2941 potuit
800 2883 939 2941 puredsre.
976 2886 1067 2933 herede
1078 2890 1104 2932 et
1114 2898 1159 2945 pro
1170 2899 1334 2948 possessore,
1355 2888 1485 2946 possideat
1495 2886 1672 2947 hereditatem,
1692 2897 1708 2930 s
1717 2883 1817 2943 leputa-

94 2953 151 3011 Η.
177 2882 346 3061 unffi
365 2949 402 2995 ita
417 2949 540 3009 seriptum
556 2950 662 2996 ruisset:
686 2950 768 2997 Titias
782 2950 941 3007 horescam
976 2953 1023 3001 riis
1035 2957 1061 3001 et
1071 2952 1314 3000 fideicommissariis
1323 2967 1377 3000 non
1387 2954 1549 3002 contenitur.

93 3019 214 3078 paisqsss's
312 3030 332 3062 ι·
342 3019 532 3076 repraaerlptir
541 3016 616 3064 lieres
626 3018 686 3070 ers't,
708 3015 810 3063 Stichus
821 3018 886 3063 liber
895 3014 940 3060 lte-

93 3090 191 3145 resprss
201 3082 392 3137 esto‚et‘1'itius
403 3083 499 3131 omisso
510 3086 664 3131 testamento
676 3082 844 3130 hereditatem
858 3080 941 3140 possi·
1320 3053 1404 3111 ΤΠ
1428 3053 1464 3110 V·

93 3149 164 3210 dest,
176 3150 324 3196 libertatem
335 3148 416 3195 Stichi
427 3150 534 3196 Praetor
545 3150 611 3196 tueri
624 3163 676 3196 nan
688 3151 771 3209 debet,
783 3163 829 3197 nec
839 3146 941 3195 heredi·
976 3136 1021 3183 DE
1044 3136 1371 3184 SENATVSOENSUJW
1393 3135 1575 3183 ⁸¹¹¹⁴⁴N¹³N⁰
1595 3133 1640 3179 ΕΤ
1658 3133 1816 3179 omnm·

92 3219 158 3264 tatia
169 3216 324 3275 petitionem
335 3215 359 3261 ei
371 3216 440 3262 dare.
476 3217 942 3276 pastqutshoernmlorestanen-
1008 3204 1064 3265 N⁰r
1084 3203 1224 3255 Qfflssffl
1244 3203 1471 3250 TESTAMENTA
1492 3202 1538 3248 NE
1558 3199 1780 3246 APEMANTUR'

89 3288 148 3331 taus
162 3282 311 3341 scripserit:
337 3282 420 3329 I'r'tias
428 3283 503 3329 beree
513 3291 586 3340 ester
605 3285 630 3331 si
644 3285 726 3331 Titias
736 3284 811 3333 lenes
821 3297 871 3329 nea
882 3284 942 3335 erit,
1026 3287 1046 3331 t.
1067 3286 1311 3343 Ulpianurlrbro
1321 3285 1351 3331 1„
1363 3287 1400 3332 αα
1409 3284 1535 3331 Edictum,
1571 3283 1655 3345 Quum
1666 3279 1816 3328 rliternul.

90 3351 220 3399 Mnasias
230 3348 303 3396 heres
313 3354 386 3405 ester
406 3351 523 3410 quisquis
533 3351 595 3396 mihi
609 3365 644 3397 en·
661 3352 849 3409 suprascriptis
868 3348 942 3395 heres
977 3352 1003 3398 la
1020 3353 1109 3398 domus
1127 3356 1183 3397 tula
1200 3365 1256 3398 esse
1273 3353 1363 3411 possit,
1384 3352 1436 3398 nisi
1447 3351 1562 3411 periculo
1575 3348 1666 3408 capitis
1677 3349 1716 3393 sul
1727 3350 1815 3393 eusto-

90 3419 155 3472 m'h
178 3416 290 3471 Mmfvr
311 3415 625 3474 Milu'h‘rsstlwnert'h
647 3422 747 3464 mittut
756 3419 829 3477 dato,
850 3415 943 3462 deinde
977 3419 1043 3465 diam
1054 3417 1164 3465 dominis
1175 3423 1226 3465 tam
1236 3419 1268 3465 ab
1281 3418 1428 3465 domesticis
1443 3432 1518 3478 quam
1539 3418 1570 3463 ab
1590 3414 1724 3463 extraneis
1740 3426 1815 3472 prae-

91 3483 187 3531 Titins
198 3483 294 3530 omisso
304 3485 458 3529 testamento
469 3482 610 3541 legitimam
627 3483 793 3531 hereditatem
805 3481 943 3541 possideat,
978 3490 1047 3532 stsre
1057 3486 1126 3533 serni
1137 3490 1270 3543 cogantur,
1291 3486 1350 3532 ideo
1361 3484 1585 3532 senatusconsulta
1595 3482 1744 3529 introducta
1754 3483 1814 3527 sunt

92 3562 129 3597 an
138 3549 258 3611 Maesio,
268 3549 342 3594 cuius
351 3549 380 3594 in
390 3554 517 3606 potestate
528 3550 586 3611 init,
604 3556 631 3596 ut
643 3564 675 3597 ea
687 3551 872 3597 substitutione
884 3549 943 3596 sde-
978 3554 1009 3599 de
1020 3553 1122 3610 publica
1132 3552 1281 3610 quaestione
1293 3566 1308 3599 a
1318 3553 1417 3600 familia
1429 3558 1576 3599 necatorum
1587 3549 1709 3596 habenda.
1746 3550 1770 3608 ς.
1792 3548 1816 3594 1.

91 3617 162 3664 aare
177 3620 259 3663 tutans
270 3616 439 3663 hereditatem
450 3617 571 3674 haberet,
593 3617 736 3675 legatorum
749 3617 817 3662 aetla
829 3616 885 3662 dari
899 3615 942 3661 de·
977 3618 1080 3665 Domini
1101 3618 1274 3679 appellatione
1294 3620 1450 3680 continetur,
1470 3618 1514 3676 qui
1532 3617 1606 3664 habet
1622 3614 1815 3675 proprietatem,

89 3686 171 3731 besti
189 3682 333 3740 quaeritur.
370 3682 403 3728 Et
414 3683 498 3740 placet
509 3684 574 3741 dari,
592 3683 653 3741 quis
664 3683 730 3730 nihil
743 3683 862 3741 prohibet
872 3684 943 3728 illae-
977 3686 1027 3732 etsi
1046 3687 1206 3732 ususfructus
1223 3687 1324 3733 alienus
1342 3686 1385 3732 sit.
1423 3688 1446 3746 t.
1468 3689 1491 3731 2.
1510 3684 1558 3741 tlui
1576 3680 1815 3730 servumbonatlds

89 3751 161 3798 rium
177 3750 274 3796 iustam
285 3762 386 3795 cauum
397 3750 525 3812 habuisse,
537 3756 641 3809 propter
651 3749 819 3809 qususnollet
829 3748 943 3808 negotiis
978 3753 1099 3813 possedit,
1121 3752 1218 3798 domini
1239 3754 1414 3812 appellatione
1434 3766 1487 3799 uon
1499 3750 1686 3808 continebitur,
1707 3761 1755 3795 nec
1770 3744 1814 3807 qul

88 3816 263 3866 hereditariis
275 3814 410 3875 implicari.
976 3821 1160 3867 usumfructum
1177 3821 1259 3867 solum
1275 3821 1372 3866 babuit.
1408 3823 1432 3880 θ,
1454 3822 1478 3866 3.
1501 3820 1597 3864 Servus
1613 3815 1715 3875 pignori
1733 3815 1815 3876 datus,

137 3883 244 3930 xxstt.
268 3882 668 3941 u'tpraaurturoxsl'1.es
677 3884 805 3932 Edictum.
825 3883 853 3929 Si
864 3882 941 3945 fliius,
976 3887 1043 3944 qnod
1054 3887 1148 3933 attinet
1159 3888 1191 3935 ad
1202 3886 1327 3934 debitoris
1337 3902 1433 3947 necem,
1453 3900 1498 3945 per
1516 3884 1604 3931 omnia
1620 3882 1726 3941 perinde
1737 3882 1816 3927 bahe-

86 3951 129 4010 qui
141 3948 246 3997 mansit
257 3950 284 3997 irs
295 3949 378 4007 patris
390 3954 532 4009 potestate,
554 3951 614 3997 item
631 3950 686 3997 dlis
702 3951 808 3998 heredes
819 3949 941 4011 instituti,
976 3958 1028 4017 tur,
1040 3958 1116 4011 atque
1127 3955 1148 3999 si
1161 3954 1263 4013 pignori
1275 3955 1348 4000 datus
1358 3967 1411 4000 nou
1423 3957 1500 4000 esset.
1534 3952 1594 4011 §.h
1614 3947 1814 4008 Serriappellr.

85 4017 241 4076 praeterito
260 4018 341 4063 tratre
358 4016 526 4077 emancipato,
548 4018 590 4076 qni
607 4020 698 4066 contra
713 4017 814 4065 talruiss
826 4017 942 4076 accipere
976 4021 1049 4069 tione
1062 4021 1138 4068 etiam
1149 4021 1174 4066 hi
1187 4021 1366 4081 eontinentur,
1377 4022 1420 4081 qui
1432 4020 1478 4066 sub
1490 4016 1640 4065 corrditIone
1650 4016 1729 4075 legati
1741 4017 1815 4073 sunt3

85 4083 288 4144 pussessirsuem
298 4084 393 4142 potuit,
410 4086 438 4128 ut
448 4084 567 4131 intestati
578 4084 658 4143 patris
669 4084 858 4142 possessionem
869 4098 942 4130 acce·
975 4102 1035 4135 nam
1051 4087 1135 4135 medio
1151 4090 1263 4147 tempore
1274 4088 1376 4136 heredis
1393 4091 1462 4149 sunt,
1482 4100 1530 4132 uec
1540 4084 1606 4142 quod
1618 4082 1733 4130 conditio
1744 4081 1814 4128 essi-

84 4152 198 4211 pesiut,
219 4149 306 4209 legata
317 4151 436 4197 omnihus
446 4152 625 4209 praestabunt,
645 4165 694 4197 uec
708 4151 764 4198 dlis
774 4153 858 4198 dotem
870 4163 941 4197 suam
975 4157 1046 4201 stens
1057 4152 1141 4215 edicit,
1152 4158 1181 4199 ut
1190 4155 1310 4203 desinant
1321 4168 1378 4202 esse
1389 4154 1498 4212 heredis,
1510 4153 1581 4213 Issit,
1589 4164 1621 4197 ne
1633 4148 1816 4195 rideanturin-

83 4219 166 4265 fiatri
186 4218 319 4280 conteret,
339 4217 564 4276 quumutscripta
579 4218 697 4266 rideatur
714 4217 884 4265 hereditatem
895 4217 940 4263 hs·
975 4221 1050 4269 terim
1073 4220 1132 4265 eius
1148 4232 1213 4268 esse.
1249 4222 1370 4282 Idemque
1386 4222 1436 4268 erit
1452 4219 1585 4266 dicendum
1603 4217 1630 4262 in
1653 4213 1818 4263 statuliberor,

83 4287 160 4334 bere.
975 4290 998 4348 p.
1012 4290 1035 4332 h.
1053 4287 1102 4333 Sed
1114 4287 1141 4332 in
1152 4301 1193 4345 eo,
1204 4288 1247 4334 cui
1258 4286 1494 4335 fideicommissum
1505 4285 1611 4333 libertas
1622 4294 1685 4340 pure
1699 4280 1814 4339 debetur,

135 4350 241 4399 XXIV.
260 4350 530 4401 parturiamus
542 4353 579 4400 ad
588 4351 717 4400 Edictum.
733 4351 761 4399 Si
773 4352 833 4399 dolo
845 4349 940 4397 tutoris
975 4357 1062 4402 exstat
1081 4352 1234 4413 rescriptam
1254 4353 1307 4400 diri
1327 4355 1368 4401 Pii
1388 4356 1418 4400 ud
1439 4351 1585 4399 Iuventium
1605 4348 1743 4407 Sabinum,
1764 4360 1813 4404 quo

80 4419 215 4468 omiserit
226 4418 339 4477 pupillus
352 4430 453 4464 causam
464 4419 628 4479 testamenti,
650 4424 676 4466 et
686 4419 828 4479 legitimam
838 4417 939 4467 heredi·
976 4421 1129 4481 ostenditur,
1142 4433 1195 4469 uon
1206 4433 1262 4466 esse
1273 4421 1447 4468 festinandum
1461 4420 1492 4466 ad
1505 4418 1633 4463 tormenta
1645 4414 1711 4475 eius,
1731 4414 1772 4458 eui
1783 4413 1815 4460 fl-

80 4492 169 4534 tatens
183 4485 325 4545 possideat,
338 4485 420 4532 danda
430 4490 470 4532 est
480 4485 625 4544 legatorum
636 4486 705 4533 aetio
713 4485 883 4546 inpupilium,
895 4485 939 4531 sed
976 4486 1195 4535 deicommissaria
1204 4487 1311 4534 libertas
1322 4488 1438 4535 debetur.
1474 4486 1507 4533 Et
1519 4482 1598 4541 magis
1609 4485 1657 4542 est,
1677 4494 1710 4526 ne
1720 4479 1814 4539 punia-

80 4558 212 4609 esteaus,
226 4556 350 4608 quatenus
362 4552 491 4601 hereditas
500 4553 525 4599 ei
536 4552 663 4610 aequisita
673 4556 721 4600 est.
751 4554 818 4609 Quid
828 4552 906 4612 euim,
918 4551 939 4597 si
976 4559 1019 4601 tur
1030 4555 1062 4601 ob
1073 4554 1130 4614 hoc,
1147 4554 1214 4612 quod
1224 4553 1271 4601 sub
1282 4554 1370 4600 eodem
1383 4557 1450 4602 tecto
1462 4552 1520 4613 init,
1531 4548 1582 4598 nisi
1594 4547 1721 4607 particeps
1732 4546 1814 4592 scele-

79 4633 140 4668 curn
152 4619 215 4666 alio
227 4618 356 4678 possideat
367 4619 552 4667 hereditateml
573 4622 631 4679 hl.
644 4620 694 4667 Sed
705 4621 753 4667 hoc
764 4624 790 4666 et
800 4620 827 4665 in
839 4633 879 4680 eo,
896 4619 939 4676 qui
975 4620 1109 4668 risiuerit.
1145 4622 1167 4678 d.
1189 4626 1214 4667 6.
1236 4612 1814 4690 llominiappellationeetiampropartedo·

79 4689 169 4746 peaes
185 4690 235 4739 est,
247 4684 361 4745 plerique
373 4689 464 4744 putant
475 4687 670 4747 obseruandum,
692 4690 728 4746 ut,
750 4699 797 4744 pro
807 4700 857 4745 qua
869 4689 940 4744 parte
976 4689 1070 4735 minum
1083 4686 1222 4745 contineri,
1233 4687 1367 4734 dicendum
1377 4690 1426 4733 cst.
1461 4687 1484 4744 §-
1495 4687 1521 4731 Ἰ.
1544 4679 1647 4729 Domini
1659 4678 1814 4739 appellaue-

81 4754 244 4812 possideat,
264 4754 397 4811 teneatur,
418 4753 532 4810 quamvis
542 4753 649 4800 Praetor
666 4753 771 4812 perinde
787 4753 815 4799 in
830 4765 887 4799 eum
898 4752 940 4799 det
976 4769 1008 4803 ne
1019 4759 1044 4802 et
1055 4753 1246 4815 dlinsismiliss,
1263 4755 1393 4812 ceterique
1403 4751 1489 4810 liberi,
1512 4750 1554 4807 nui
1567 4748 1593 4794 iu
1605 4748 1732 4804 potestate
1743 4747 1814 4804 sunt,

78 4823 233 4879 actionem,
245 4823 321 4875 atque
330 4821 353 4864 si
364 4820 470 4866 adilaset
481 4819 660 4866 hereditatem.
976 4821 1149 4871 eontinentur.
1186 4820 1442 4869 Senatuscousultum
1454 4817 1523 4864 enim
1536 4813 1696 4861 Silanianum
1707 4825 1758 4859 nou
1771 4824 1814 4859 so-

134 4886 227 4933 XXV.
246 4886 700 4947 CelsaslibroXVl.Dipessorsrs.
710 4886 941 4945 Cuiserrusipsius
976 4890 1030 4936 lam
1045 4889 1077 4935 ad
1094 4888 1301 4952 patresiamilias,
1321 4899 1410 4934 serum
1424 4884 1457 4932 ad
1474 4884 1569 4929 liberes
1580 4892 1680 4938 quoque
1691 4880 1812 4939 pertinet.

81 4955 254 5001 substitutus
266 4956 314 5011 est,
326 4965 428 5001 serrum
440 4966 514 4999 suum
524 4953 596 5000 adire
608 4953 694 5000 iussit.
722 4953 939 5015 Siichrcolecit‚
975 4958 1036 5015 §.a
1057 4954 1359 5014 uutddeindesicemm‚
1381 4952 1403 4997 si
1414 4950 1489 4997 liberi
1501 4948 1616 4996 nouaint
1628 4947 1654 4992 iu
1667 4948 1811 5005 potestatel

79 5036 116 5069 ne
126 5023 227 5082 legata
239 5022 390 5080 praestaret,
410 5026 519 5077 atraque
531 5020 680 5079 praestabit,
698 5020 724 5068 et
737 5020 797 5079 quia
807 5020 881 5067 berea
893 5025 940 5080 eat,
976 5022 1114 5068 Marcellos
1131 5021 1200 5067 libro
1217 5020 1367 5067 duodecimo
1379 5018 1544 5076 Digestorum
1559 5014 1671 5073 dubitat,
1691 5026 1740 5074 ego
1751 5017 1813 5092 pute

79 5090 189 5148 etquis
201 5087 301 5133 omissa
316 5100 392 5133 causa
408 5087 555 5133 testamenti
571 5086 687 5146 possidet
702 5100 736 5135 ex
754 5086 939 5134 substitutione
976 5088 1077 5148 plenius
1088 5086 1270 5146 accipiendum,
1282 5090 1311 5132 at
1321 5083 1439 5133 etiamad
1449 5096 1494 5129 eor
1504 5083 1602 5128 liberos
1612 5081 1750 5141 pertineat,
1769 5092 1811 5138 qur

77 5156 279 5213 hereditatem,
291 5153 365 5199 salsa
375 5154 492 5201 Falcidia
505 5154 530 5200 ei
541 5158 652 5201 serrata.
976 5155 1004 5201 in
1018 5156 1148 5213 potestate
1159 5166 1211 5200 uon
1223 5155 1291 5199 sunt.
1322 5155 1345 5212 p.
1368 5154 1391 5196 u.
1413 5152 1442 5195 ln
1454 5163 1493 5207 eo,
1505 5148 1547 5206 qai
1560 5150 1599 5193 est
1610 5147 1637 5191 in
1649 5147 1814 5208 adoptionem

134 5221 239 5269 xxti.
258 5221 474 5277 Papinianus
485 5220 553 5267 libro
564 5219 634 5267 XVI.
646 5221 839 5277 Quaestionum.
860 5218 941 5266 tutta·
976 5222 1058 5282 datus,
1069 5233 1122 5267 non
1134 5223 1251 5277 paternus
1262 5219 1346 5265 locum
1357 5217 1449 5263 hebere
1458 5213 1715 5273 serratuscousultum,
1727 5225 1813 5270 quam-

76 5302 134 5336 uus
146 5286 259 5335 scribit:
275 5288 381 5346 patrem,
402 5287 444 5345 qui
456 5287 535 5333 fllium
547 5287 595 5333 sibi
607 5288 772 5334 sumtitutam
781 5285 859 5333 iussit
869 5286 941 5333 adire
977 5288 1016 5334 ris
1026 5287 1055 5333 in
1066 5286 1189 5345 adoptato
1199 5285 1285 5332 locum
1299 5285 1400 5333 haheat.
1435 5284 1458 5344 9.
1474 5284 1511 5329 to.
1530 5281 1580 5328 Sed
1601 5293 1648 5327 nec
1668 5280 1694 5325 in
1709 5278 1813 5325 alamue

74 5355 277 5408 hereditatem,
297 5354 392 5415 legata,
414 5366 480 5411 quae
490 5353 520 5398 ab
532 5353 587 5411 ipso
598 5354 659 5400 data
669 5357 746 5415 suat,
767 5366 800 5400 ex
811 5354 943 5399 sententia
978 5353 1062 5402 occiso
1073 5352 1145 5400 locus
1155 5356 1195 5399 est
1205 5350 1440 5399 senatusconsulto.
1476 5350 1498 5409 ς.
1513 5349 1551 5394 ll.
1572 5346 1611 5394 De
1621 5345 1710 5393 matris
1721 5344 1813 5402 servis,

73 5421 169 5471 edicti
181 5423 387 5481 praestaturum,
408 5418 528 5476 quonism
540 5419 595 5466 fllia
604 5419 671 5479 patri
683 5420 850 5467 substituitur
860 5421 887 5465 in
899 5433 942 5466 ca-
975 5420 1031 5467 dlio
1042 5420 1133 5466 ditare
1139 5420 1240 5478 occisis,
1253 5418 1371 5475 ensesue
1382 5430 1436 5463 nau
1447 5414 1561 5462 habetur.
1598 5415 1621 5475 9.
1641 5415 1681 5461 12.
1700 5413 1729 5458 Si
1741 5413 1814 5468 pater

74 5503 122 5551 su,
134 5502 199 5536 uun
211 5490 241 5533 ut
251 5486 385 5533 arbitrium
398 5486 511 5545 eligendi
523 5485 695 5546 relinquatur.
726 5486 776 5533 Sed
787 5487 809 5533 si
820 5487 941 5534 samale-
976 5488 1007 5533 ab
1023 5484 1140 5533 hostibus
1141 5490 1238 5599 fieffla
1248 5484 1291 5546 sit,
1313 5482 1489 5542 quaestionem
1500 5482 1531 5528 de
1543 5481 1625 5559 servis
1636 5478 1815 5556 habendamet

72 5560 147 5618 gata
161 5567 247 5615 supra
258 5554 408 5600 dodrantem
418 5554 479 5600 data
488 5553 556 5612 sint,
577 5566 667 5600 eorum
678 5554 748 5612 prius
759 5555 887 5603 rationem
896 5554 942 5600 hs·
976 5553 1128 5612 supplicium
1224 5551 1303 5609 reiro,
1315 5552 1450 5609 eleganter
1461 5548 1585 5595 Scaevola
1595 5544 1724 5605 artpqnod
1734 5547 1814 5603 etism

71 5625 211 5682 headan,
222 5633 311 5678 quaes
321 5619 376 5667 tilia
385 5620 626 5677 relictssant3non
637 5620 941 5680 enimcsretdolopster‚
976 5621 1153 5679 postmortem
1164 5618 1356 5680 patrtrprobst,
1380 5618 1401 5663 sl
1413 5620 1481 5677 ante,
1490 5628 1564 5677 quam
1573 5615 1597 5661 ei
1609 5625 1670 5659 saus
1681 5611 1755 5658 heres
1766 5620 1813 5654 ex-

71 5692 134 5752 aas,
160 5690 266 5736 honore
277 5687 383 5746 proprio
394 5686 490 5735 omisso
497 5716 506 5741 ,
526 5690 633 5747 propter
643 5687 820 5744 compendium
830 5687 941 5734 sliesam
976 5687 1062 5746 sistat,
1080 5685 1180 5731 occisus
1190 5685 1278 5731 tuerit.
1310 5687 1332 5746 5.
1352 5686 1390 5731 ts.
1414 5678 1801 5735 ldemscaevolasit:constsn

69 5756 290 5806 iustitutionem
301 5754 403 5802 induit.
439 5755 464 5814 t.
476 5754 501 5801 1.
519 5752 637 5814 Denique
647 5753 672 5801 si
680 5753 750 5802 attae
759 5756 832 5814 pater
842 5754 940 5801 substl·
976 5753 1027 5801 tius
1038 5750 1234 5814 detrudendum,
1243 5752 1338 5800 herede
1348 5748 1470 5798 instituto
1480 5748 1536 5796 tilio
1546 5748 1577 5794 de
1588 5745 1628 5790 his
1635 5743 1732 5804 quaesti
1738 5754 1811 5788 unrm
