4330 6424
553 317 641 376 iiie.
667 318 801 378 XXXV.
827 322 854 377 2
898 320 949 377 Al)
983 319 1137 377 Laeuii
1171 319 1427 379 vincimini.
1802 328 1853 383 487

123 451 618 526 aea'eat,”a01rtquiuempttretegata,
637 462 745 523 perinde
759 477 789 514 ae
805 465 828 513 al
838 465 975 513 nulleelia
1008 465 1093 528 babet,
1113 467 1225 528 centum,
1247 477 1313 522 qnae
1324 465 1381 525 ipae
1392 463 1453 513 dare
1463 464 1550 514 inaeua
1559 471 1613 530 eat;
1634 446 1720 528 inqie
1739 481 1772 518 ex
1782 470 1855 518 utra-

124 527 340 578 aab-conditione
349 528 436 588 legata
445 530 565 591 inierant,
581 542 673 578 cavare
683 535 770 581 autem
780 533 921 594 legatariae
931 533 974 582 de·
1008 547 1057 593 que
1068 534 1213 592 quantitate
1230 537 1321 589 quarta
1336 534 1452 594 deducta,
1472 535 1576 583 babebit
1593 536 1787 597 quinquaginta.
1824 539 1853 585 ln

122 597 196 658 bere,
214 609 249 644 ax
260 598 357 644 eventu
368 595 527 643 conditioni·
538 597 606 653 quod
615 600 726 657 ampliua
736 602 904 661 acceptarent,
915 602 973 649 red-
1007 614 1118 661 perrona
1135 614 1197 648 vero
1213 600 1269 647 Seii
1287 600 1331 648 lex
1350 599 1467 648 Falcidia
1486 617 1540 650 non
1558 603 1711 667 intervenit,
1731 619 1808 662 quum
1822 608 1854 652 ad

125 665 210 713 ditum
220 662 264 710 iri.
291 665 315 723 q.
325 665 350 711 d.
363 664 442 710 Guine
453 665 556 722 generia
567 664 656 712 cautio
667 669 814 715 ueceaeeria
824 669 936 726 uidetur,
948 672 976 714 et
1007 682 1065 715 eum
1075 681 1109 715 ex
1121 668 1267 715 hereditate
1278 669 1371 728 pupilli
1383 669 1494 716 ducenta
1503 672 1662 736 pertincant,
1674 677 1700 721 et
1712 672 1802 719 debeat
1812 672 1853 718 le·

125 728 150 780 ai
160 729 315 792 quibuadana
332 730 416 778 aeruia
432 731 521 777 eodem
537 734 692 780 teetameato
709 735 754 782 auli
772 735 924 782 conditione
939 735 974 780 li·
1007 739 1124 794 gatorum
1135 736 1241 784 nomine
1251 740 1351 782 ceritum
1363 748 1396 783 ex
1408 737 1536 796 ducentia,
1547 753 1612 800 quae
1622 754 1639 787 a
1649 740 1748 800 pupillo
1759 739 1853 786 relicta

124 802 213 848 bertae
223 797 338 861 deterit,
358 810 466 855 quorum
476 799 558 855 pretia
573 798 724 847 conditione
739 802 882 849 exaietente
898 801 973 849 bonia
1007 804 1074 848 aunt.
1110 803 1209 858 Quodai
1220 803 1333 861 pupillae
1343 803 1428 850 aolrat
1441 797 1535 870 legata,
1547 806 1639 854 debent
1650 820 1740 854 curare
1751 810 1852 853 tutorea

125 866 308 914 detrahuntur.
345 866 405 926 Μ.
427 864 536 912 indiam
546 865 739 928 relictalegata
748 867 973 916 alterineeaeeiu-
1005 868 1110 932 pupilli,
1133 870 1420 930 utcareautlegatarii.
1455 874 1479 933 q.
1502 876 1524 919 l.
1543 874 1672 928 Quaedam
1687 873 1853 932 iegatadivi-

123 935 174 997 ria,
184 933 269 993 pelam
281 932 457 994 eat,quum‹ea
466 930 739 995 omnimodotamipai
750 934 887 996 legatario,
898 950 973 995 quam
1006 936 1106 983 aionem
1117 949 1170 983 raon
1180 936 1319 1000 recipiunt,
1330 942 1360 984 ut
1371 952 1430 988 ecce
1439 938 1555 999 legatum
1565 942 1633 1005 viae,
1644 942 1757 1001 itineria,
1768 948 1853 987 actua·
1955 982 1959 987 .

124 1000 267 1049 heredibua
277 998 335 1046 eiua
347 998 436 1047 deberi
447 1002 546 1046 certum
555 999 605 1060 aitp
625 1002 670 1048 aed
685 1006 760 1050 tauto
770 1003 858 1051 minua
868 1005 971 1065 erogari
1008 1016 1055 1063 ue·,
1063 1003 1096 1049 ad
1110 1004 1210 1050 nullum
1222 1004 1291 1050 enim
1302 1017 1333 1053 ee
1343 1019 1385 1054 ree
1395 1020 1445 1064 pro
1455 1014 1529 1066 parte
1540 1012 1625 1067 puteat
1636 1008 1778 1068 pertinere.
1801 1008 1852 1056 Sed

122 1082 160 1116 ex
177 1066 252 1114 bunia
268 1064 469 1125 intelligendum
485 1070 533 1128 cat,
552 1072 674 1125 quantum
690 1070 800 1134 interea,
819 1073 901 1121 donec
917 1073 972 1120 diea
1008 1077 1034 1119 et
1049 1072 1071 1118 ei
1082 1070 1327 1131 opuamuuicipibua
1338 1080 1412 1120 berea
1425 1074 1604 1123 tacereiuarue
1621 1080 1671 1140 eat,
1690 1075 1853 1124 individuum

123 1135 258 1196 obtigerit,
268 1134 345 1181 berea
355 1133 502 1180 lucraturua
513 1137 552 1182 aet
562 1149 596 1184 ex
608 1136 733 1185 fructibua
744 1140 786 1186 eei
796 1141 890 1187 niune.
912 1142 935 1201 p.
948 1144 972 1187 b.
1007 1140 1111 1187 uidetur
1127 1139 1254 1198 legatnm3
1271 1152 1354 1197 neque
1372 1140 1441 1187 enirn
1459 1142 1538 1189 ullum
1554 1144 1691 1206 balineum,
1710 1148 1755 1190 aut
1773 1143 1854 1189 ulium

122 1203 196 1262 Ergo
207 1202 332 1262 optimum
341 1200 444 1259 quidem
456 1205 505 1265 eat,
526 1202 615 1251 atatim
627 1207 659 1251 ab
669 1205 747 1254 initio
767 1208 804 1255 ita
820 1212 972 1256 tentatorem
1008 1208 1147 1263 theatrum,
1168 1210 1214 1251 aut
1224 1208 1336 1253 etodium
1346 1208 1440 1254 teciaae
1450 1210 1617 1273 intelligitur,
1631 1212 1672 1272 qui
1684 1211 1711 1259 ei
1722 1214 1853 1270 propriam

122 1270 281 1319 distribuere
291 1268 387 1331 legata,
397 1282 430 1317 ne
440 1269 509 1317 ultra
518 1268 670 1320 dodrantem
679 1274 868 1331 relinquantur.
883 1275 972 1329 Quod-
1007 1276 1125 1335 iormam,
1145 1286 1209 1332 quae
1220 1285 1253 1319 cx
1271 1276 1493 1323 consummatione
1509 1279 1648 1342 contingit,
1669 1291 1722 1324 non
1740 1277 1851 1325 dederit.

122 1338 147 1385 ai
159 1336 370 1396 exceaaeritquia
381 1337 541 1401 dodrantem,
561 1352 610 1398 pro
620 1344 680 1388 rata
687 1342 809 1401 portione
824 1357 871 1403 per
888 1343 972 1402 legem
1007 1346 1122 1399 Quorum
1140 1339 1254 1386 omnium
1270 1340 1417 1401 legatorum
1431 1344 1546 1413 nemine,
1566 1346 1617 1393 etei
1637 1346 1722 1406 pinuae
1746 1346 1852 1395 beredee

120 1405 183 1465 ipae
193 1404 249 1453 iure
259 1404 427 1463 minuuntur3
448 1404 521 1453 uerbi
532 1408 618 1465 gretia
627 1409 650 1454 ai
668 1408 700 1471 ia,
721 1410 767 1468 qui
782 1411 973 1469 quadringenta
1007 1410 1068 1470 eiut,
1080 1407 1177 1466 ringuli
1188 1408 1217 1453 in
1228 1407 1342 1455 rolidum
1352 1413 1483 1458 tenentur.
1504 1412 1573 1459 llaec
1584 1414 1671 1470 itaque
1681 1413 1776 1473 legata,
1788 1424 1852 1471 quae

123 1474 155 1521 in
174 1472 249 1521 bunia
265 1471 363 1534 babuit,
385 1475 442 1519 tota
461 1486 492 1520 ea
502 1474 691 1535 quadringenta
701 1478 859 1539 erogaverit,
879 1480 972 1536 quarta
1006 1476 1186 1522 dividuitutcm
1196 1488 1250 1521 non
1261 1476 1397 1537 recipiunt,
1419 1482 1476 1525 tota
1493 1480 1526 1525 ad
1542 1479 1697 1540 legatarium
1709 1482 1851 1539 pertinent.

121 1538 329 1601 perelegatariia
340 1540 501 1601 detrabitor;
522 1541 546 1587 ai
559 1546 679 1590 trecenta
693 1545 883 1604 quinquaginta
899 1544 971 1602 lega-
1006 1543 1056 1590 Sed
1068 1546 1153 1601 puteat
1171 1542 1259 1588 heredi
1275 1543 1324 1590 hoc
1339 1545 1454 1590 remedio
1475 1547 1600 1609 cuccurri,
1620 1551 1650 1592 ut
1669 1547 1851 1593 aestimatione

121 1607 202 1671 verit,
212 1611 325 1666 octara3
342 1607 434 1667 quudai
447 1608 588 1668 quingenta
599 1609 726 1670 legaverit
737 1612 832 1659 babent
848 1611 971 1669 quadriu-
1006 1611 1074 1657 iacta
1084 1608 1165 1670 iegati
1181 1608 1318 1657 denuntiet
1338 1610 1474 1675 legatario,
1495 1617 1525 1658 ut
1546 1618 1644 1673 partem
1662 1613 1851 1661 aeetimationia

120 1674 302 1737 genta5initio
313 1674 517 1737 quinia,deinde
527 1680 619 1735 quarta
629 1691 689 1738 para
699 1679 799 1727 detrahi
810 1680 898 1737 debet3
910 1682 970 1726 anta
1004 1678 1113 1735 iuiei⁴at3
1135 1677 1157 1722 ai
1173 1689 1229 1723 non
1244 1677 1350 1742 inierat,
1371 1682 1460 1727 utatur
1476 1680 1600 1728 edverme
1616 1694 1675 1727 eum
1694 1680 1850 1740 exceptione

120 1745 193 1792 enim
204 1742 389 1792 detrabendum
404 1745 453 1807 eat,
473 1744 542 1801 quod
556 1748 633 1792 extra
651 1747 779 1794 bonorum
798 1747 969 1805 quantitatem
1005 1745 1059 1792 doli
1070 1744 1142 1792 mali.

119 1816 173 1875 eat,
189 1811 282 1859 deiude
293 1812 361 1869 quud
372 1812 493 1859 calceria
505 1813 701 1872 epudbcredern
712 1828 845 1862 remanere
856 1816 968 1874 oportet.
1000 1830 1006 1839 ·
1053 1811 1170 1858 LXXXI.
1189 1811 1278 1859 Idam
1296 1814 1364 1861 libro
1382 1814 1491 1863 XVIII.
1504 1817 1540 1864 ud
1549 1816 1668 1864 Edictum
1676 1817 1843 1876 provinciale

174 1878 289 1929 mlv.
308 1879 398 1926 Idaea
411 1879 479 1926 libro
497 1881 552 1927 111.
565 1881 596 1926 dc
607 1880 702 1942 legatie
712 1883 750 1928 ad
760 1882 876 1929 Edictum
886 1882 969 1928 Prae·
1005 1880 1055 1928 Sed
1066 1882 1230 1926 uauairuetua
1242 1880 1342 1938 iegatua
1355 1883 1428 1930 uenit
1438 1884 1466 1930 iu
1483 1884 1698 1944 computationem
1715 1884 1780 1942 legia
1790 1883 1852 1930 Fal-

119 1949 200 1995 tora'a.
235 1946 310 2004 Quod
321 1950 409 1994 autem
418 1944 521 2010 dicitm
541 1946 564 1992 ai
575 1961 607 1994 ex
619 1948 715 1995 iudicio
726 1949 839 1995 defuncti
852 1954 969 2006 quartam
1005 1947 1104 2006 cidiae3
1125 1960 1184 1993 nam
1195 1947 1351 1996 ditiaiouern
1362 1951 1464 2014 recipit,
1482 1954 1546 1999 adeo
1557 1956 1594 2013 ut,
1608 1952 1631 1997 ai
1642 1952 1739 1998 duobus
1752 1952 1851 2010 legatae

118 2015 217 2062 babeat
233 2014 317 2075 berea,
336 2013 422 2061 aolida
437 2014 591 2073 praeatauda
607 2027 663 2062 eaae
680 2016 775 2078 legata,
796 2016 836 2063 ita
852 2017 969 2076 accipere
1005 2015 1093 2077 tuerit,
1114 2014 1171 2073 ipro
1182 2013 1240 2061 iure
1249 2015 1281 2061 ad
1292 2015 1411 2075 ringuloe
1421 2022 1507 2076 parter
1519 2020 1673 2077 pertineant.
1709 2020 1732 2077 q.
1755 2019 1852 2065 i.1)oa

118 2081 281 2143 debemua,ai
291 2080 449 2129 hereditario
461 2080 518 2128 iure
529 2082 630 2129 lrabeat.
651 2083 742 2141 ltaque
753 2085 819 2145 qnod
830 2084 888 2144 quia
898 2085 969 2143 iega-
1004 2082 1122 2141 relegata
1141 2087 1217 2129 extra
1233 2082 1363 2130 rationem
1379 2085 1445 2144 legia
1459 2085 1590 2132 Falcidiae
1605 2091 1654 2147 cat,
1674 2086 1775 2132 seilicet
1791 2085 1851 2142 quia

118 2153 209 2198 torum
219 2148 324 2196 nomine
335 2161 350 2194 a
360 2148 486 2196 coherede
495 2149 638 2213 accepit,iu
648 2153 816 2211 quadrantem
827 2153 851 2199 ai
863 2152 969 2199 nouim-
1005 2162 1076 2197 euarn
1085 2162 1139 2195 rem
1148 2148 1242 2195 mulier
1252 2150 1369 2209 recipere
1380 2153 1491 2200 ridetur.
1519 2155 1542 2212 q.
1554 2156 1578 2200 2.
1597 2154 1647 2200 Sed
1658 2160 1684 2199 et
1695 2154 1726 2199 de
1737 2153 1776 2198 bie
1787 2164 1851 2210 quo-

117 2220 241 2277 putatur.
1005 2230 1054 2277 que
1065 2217 1153 2279 rebue,
1170 2229 1236 2273 quae
1252 2218 1369 2265 molieris
1388 2233 1466 2267 cauea
1483 2225 1567 2267 emtac
1583 2225 1687 2279 paratae
1703 2227 1800 2282 creent,
1821 2226 1851 2266 ut
1914 2256 1939 2283 ,ι

174 2284 276 2331 LXXV.
294 2284 327 2334 M
328 2285 428 2333 urcal
433 2285 445 2333 1
449 2297 486 2333 ea
496 2298 531 2332 ea·
541 2286 607 2332 libro
617 2285 672 2333 XL.
684 2288 850 2348 Dircaeum
859 2288 968 2335 Iuliani.
1004 2285 1067 2332 baec
1086 2297 1188 2343 quoque
1202 2288 1279 2331 extra
1295 2287 1398 2333 modum
1413 2287 1480 2347 legia
1499 2293 1602 2350 eeaent,
1623 2288 1776 2335 nominatim
1792 2287 1853 2347 ipae

117 2351 174 2399 Sed
185 2352 207 2398 ai
219 2350 277 2398 ideo
288 2351 402 2412 legatum
414 2351 440 2400 ei
450 2352 537 2399 datum
547 2357 595 2414 eat,
602 2358 631 2399 ut
640 2353 743 2414 integra
753 2355 839 2414 legata
847 2355 969 2403 veliidei-
1003 2351 1118 2399 Falcidia
1129 2351 1186 2410 icga
1197 2364 1348 2411 expreaaum
1358 2358 1410 2401 eet.

116 2419 257 2466 commime
267 2424 391 2483 praeatct,
402 2420 553 2479 deneganda
563 2420 614 2467 erit
623 2422 795 2486 nuumgati,
807 2423 828 2470 ai
840 2424 898 2483 lege
908 2422 969 2469 Fal-
1053 2417 1182 2465 nxxxn.
1214 2420 1381 2479 Ulpe'aaaa
1406 2423 1475 2470 libro
1508 2422 1588 2471 rm.
1621 2424 1854 2483 Diepetationaaa-

115 2486 191 2533 eidia
201 2486 241 2532 uti
252 2488 350 2534 mallet.
1003 2486 1193 2539 Quaerebatur:
1215 2499 1292 2543 quum
1303 2488 1334 2547 ia,
1355 2489 1401 2546 qui
1410 2490 1493 2537 aolum
1505 2491 1532 2537 in
1544 2491 1651 2537 uomina
1661 2489 1852 2549 quadringenta

173 2554 289 2601 mvl.
303 2557 406 2603 Gaiae
415 2557 483 2603 libro
493 2556 548 2603 111.
560 2557 591 2603 de
602 2557 697 2618 legatia
706 2558 744 2604 eni
752 2556 873 2605 Edictum
882 2558 967 2605 Prae.
1003 2554 1031 2599 in
1048 2553 1124 2601 bonia
1140 2553 1258 2616 babebat,
1277 2554 1327 2613 ipai
1345 2556 1454 2604 debitori
1470 2557 1662 2619 liberationem,
1682 2557 1741 2603 Scio
1762 2562 1851 2604 autern

113 2624 197 2671 aeria.
216 2640 219 2643 ’
233 2621 262 2667 id
278 2625 372 2684 autem,
393 2624 461 2680 quod
477 2624 638 2671 conditionia
653 2624 800 2682 implendae
811 2638 889 2672 cauea
900 2625 941 2672 vel
953 2638 969 2671 a
1003 2621 1191 2678 quadringenta
1201 2620 1338 2685 legaverit,
1350 2623 1372 2669 ei
1383 2623 1486 2671 debitor
1496 2626 1538 2673 uel
1549 2626 1675 2672 rolvendo
1686 2637 1740 2670 non
1751 2625 1794 2687 ait,
1805 2624 1850 2670 uel

114 2689 302 2751 coheredum!
313 2703 329 2736 a
339 2690 477 2753 legatario,
484 2692 527 2739 ecl
538 2705 554 2738 a
563 2691 969 2754 atatuliberodatur,inl'ulcidta
1004 2692 1107 2734 centurn
1119 2691 1201 2734 tatere
1217 2689 1308 2751 poerit,
1330 2696 1455 2747 quantum
1473 2696 1579 2753 quiaque
1590 2694 1683 2741 lrabeat
1697 2692 1851 2739 interuentu

112 2770 175 2806 non
185 2757 337 2818 imputatur,
349 2758 410 2815 quia
420 2758 511 2806 mertia
522 2772 600 2806 cauea
609 2759 719 2818 capitur.
747 2760 967 2806 Sanaaiaatatu-
1003 2755 1070 2814 legia
1080 2754 1229 2802 Falcidiaei
1250 2755 1384 2805 Dicebam:
1405 2758 1488 2819 legem
1504 2761 1645 2808 Falcidiam
1662 2774 1696 2808 aa
1714 2773 1755 2823 eo,
1779 2760 1851 2817 (1¹¹0st

110 2826 205 2875 libero
216 2824 360 2883 peculiarea
370 2838 487 2873 nummua
498 2826 618 2889 accipiat,
631 2840 677 2884 pro
689 2839 736 2873 aua
746 2832 818 2886 parte
829 2826 968 2886 quadranti
1003 2822 1076 2870 retici
1091 2836 1123 2869 eu
1135 2821 1279 2870 hereditate
1293 2831 1389 2888 poeaet,
1410 2833 1526 2884 quartam
1537 2828 1625 2875 heredi
1637 2829 1761 2892 tribuere,
1782 2828 1851 2885 reaiff

111 2892 306 2951 eoaimputare
316 2893 401 2949 debet,
418 2893 479 2953 quia
491 2906 537 2952 pro
547 2907 578 2941 ea
588 2899 662 2953 parte
671 2907 725 2941 non
738 2893 828 2941 mertia
838 2907 968 2942 caueaoa-
1004 2891 1081 2938 duum
1097 2889 1251 2937 dodrantem
1260 2891 1329 2939 iuter
1339 2893 1481 2951 legatario·
1492 2896 1658 2942 distribuere.
1694 2895 1851 2949 Quaraourn

111 2974 192 3022 pm,
212 2959 258 3005 aed
273 2959 433 3009 hereditario
453 2960 509 3009 inse
525 2974 570 3008 eoa
589 2961 862 3022 heiereinteliigitnr.
898 2964 921 3021 q.
944 2964 966 3008 1.
1003 2970 1098 3004 nomen
1108 2957 1194 3003 minue
1205 2958 1332 3005 uoluendo
1344 2966 1383 3006 eet
1394 2962 1421 3006 ln
1432 2961 1586 3024 hereditate,
1608 2962 1673 3022 eiua,
1694 2963 1760 3019 quod
1773 2963 1849 3022 erigi

111 3033 179 3086 Qua
197 3025 301 3075 ratione
321 3026 430 3090 placuit,
452 3027 548 3089 legata,
569 3042 634 3087 quae
648 3028 770 3089 legatarii
788 3030 967 3092 noueapiuut,
1004 3026 1099 3085 puteat,
1119 3037 1167 3082 pro
1186 3029 1241 3070 rata
1257 3025 1456 3091 dtdiatributio,
1477 3030 1574 3076 reaidui
1593 3029 1710 3075 venditio
1728 3030 1847 3076 iacienda

113 3108 198 3155 quum
209 3094 280 3153 apud
287 3095 395 3143 beredea
405 3095 579 3158 aubeederint,
600 3097 760 3144 hereditario
770 3097 828 3145 iure
838 3098 904 3156 apud
923 3109 968 3144 coa
1004 3094 1053 3153 eat,
1073 3097 1102 3138 ut
1113 3091 1139 3137 id
1150 3092 1250 3138 demum
1260 3091 1289 3137 in
1300 3093 1445 3143 hereditate
1457 3102 1626 3155 computetur,
1649 3096 1739 3153 quanti
1752 3110 1846 3143 uoirren

109 3174 256 3212 remanere
266 3162 390 3225 intelligi,
402 3166 429 3210 et
439 3162 497 3211 ideo
508 3164 643 3222 quadranti
654 3164 817 3228 imputanda,
835 3177 883 3211 nec
894 3164 968 3223 quid.
1003 3158 1111 3207 diatrahi
1131 3160 1225 3216 puteat.
1259 3159 1311 3205 Sed
1330 3173 1385 3208 cum
1406 3163 1517 3210 debitori
1537 3162 1660 3210 liberatio
1679 3163 1848 3228 relinquitur,

109 3243 198 3291 qnam
209 3229 343 3293 iutereaae,
354 3233 443 3278 utrum
454 3230 543 3278 atatim
552 3233 584 3279 ab
595 3230 674 3279 initio
685 3233 801 3292 legatum
809 3246 864 3278 non
873 3232 917 3295 rit,
934 3244 968 3278 aa
1002 3226 1057 3286 ipae
1067 3225 1118 3271 eibi
1129 3224 1253 3272 aolveudo
1265 3226 1378 3290 videtur,
1389 3232 1424 3292 et,
1435 3230 1502 3289 quod
1513 3230 1544 3277 ad
1556 3242 1584 3276 ee
1594 3230 1698 3290 attinet,
1715 3230 1787 3276 diuet
1798 3237 1847 3291 eat,

109 3297 191 3357 quod
202 3298 359 3355 legatumeat
370 3297 533 3346 remanaerit.
1003 3294 1095 3352 quippe
1112 3291 1135 3338 ei
1153 3293 1177 3338 ei
1189 3292 1282 3339 mertia
1297 3306 1373 3342 cauea
1390 3302 1495 3355 accepto
1509 3299 1608 3344 teratur
1618 3297 1654 3359 id,
1675 3297 1742 3357 quod
1763 3298 1847 3363 debut,

171 3363 301 3411 LXXVii.
323 3366 342 3413 1
345 3366 492 3414 deaclibrn
503 3364 616 3413 xviii.
623 3367 659 3413 ed
666 3366 787 3415 Edictum
793 3368 967 3428 praeiacente.
1003 3360 1190 3421 quadringenta
1210 3360 1309 3419 cepiaae
1324 3362 1462 3428 ridebitur,
1483 3364 1546 3411 iicet
1564 3364 1633 3411 nihil,
1647 3365 1732 3411 iacere
1749 3367 1846 3426 poaeit3

105 3433 144 3480 ln
159 3431 273 3492 eingufla
283 3432 421 3481 heredium
432 3432 563 3481 emonem
579 3434 647 3492 legia
656 3434 788 3483 Falcidiae
809 3447 967 3495 campanen.
1002 3427 1116 3475 aenaim
1127 3427 1196 3474 enim
1206 3428 1387 3477 liberationem
1397 3432 1499 3491 plenam
1511 3432 1621 3494 uidetur,
1643 3431 1759 3489 quamvia
1778 3433 1849 3481 nibil

107 3502 174 3549 darn
185 3513 256 3562 eaae,
265 3513 319 3547 nen
331 3500 477 3558 dubitatum
498 3503 525 3548 et
535 3500 594 3548 ideo
605 3501 627 3548 ei
639 3503 710 3548 'litio
721 3508 747 3550 et
758 3503 819 3550 Seio
830 3504 966 3551 heredibua
1002 3497 1088 3543 fucere
1100 3495 1192 3556 praeit,
1213 3494 1238 3541 ai
1247 3496 1299 3543 aoli
1311 3497 1336 3543 ei
1347 3498 1468 3547 liberatio
1479 3500 1571 3548 relicta
1580 3504 1634 3559 eat;
1654 3504 1680 3546 et
1690 3498 1847 3547 ideol'alci-

105 3568 252 3616 ineeiiniia
273 3569 349 3616 eemie
369 3568 522 3617 hereditatio
542 3569 611 3616 Titii
628 3571 778 3633 expungam,
799 3570 861 3617 seio
881 3574 966 3618 eutem
1002 3562 1378 3612 diaintervenientatrecenta
1399 3571 1505 3627 accepto
1521 3567 1562 3614 illi
1579 3567 1646 3614 terri
1659 3567 1759 3630 debent,
1780 3568 1848 3615 reei-

104 3636 249 3698 quadram
262 3639 377 3683 totorum
387 3638 515 3684 bonorum
524 3636 633 3686 relictae
643 3637 688 3701 eit,
707 3638 829 3699 comperit
839 3638 911 3686 Titio
922 3639 966 3687 pq.
1002 3628 1308 3679 duacentumdurabnut
1324 3633 1352 3679 in
1369 3634 1538 3697 obligatione,
1562 3639 1588 3682 et
1605 3635 1627 3681 ei
1642 3635 1743 3692 quidem
1761 3637 1847 3683 iacere

103 3703 241 3752 aeficium
252 3702 319 3762 legia
330 3703 470 3751 Falcidiae.
1001 3713 1078 3758 poree
1089 3699 1212 3760 coeperit,
1224 3699 1365 3759 exigentur
1375 3702 1406 3748 ab
1418 3715 1448 3750 cu
1461 3702 1588 3749 duntaxat
1600 3702 1722 3759 nequead
1734 3708 1850 3750 centum.

165 3769 311 3818 mviii.
338 3771 426 3818 ιαιιι
455 3772 523 3819 libro
548 3773 604 3820 111.
625 3773 656 3820 aa
680 3774 773 3835 tagam
791 3775 829 3821 aa
846 3772 966 3822 Edunt„
1003 3767 1121 3824 idemque
1133 3766 1184 3814 erit
1195 3766 1340 3831 dicendum,
1357 3772 1382 3816 ct
1393 3769 1416 3814 ai
1426 3769 1519 3817 nortia
1530 3783 1607 3817 cauea
1617 3774 1722 3829 accepto
1738 3771 1763 3817 ei
1784 3784 1846 3831 qua-

99 3839 259 3888 Praetoria
269 3839 373 3886 urbani.
402 3839 502 3896 Quadri
512 3839 641 3888 alterutro
652 3854 741 3888 eorum
752 3841 887 3890 defluente
898 3843 967 3890 alter
1001 3835 1281 3895 driugeutatcrantur,
1311 3838 1384 3884 Unde
1400 3837 1534 3896 elegantur
1553 3838 1847 3900 dicitur,aeccptilatio·

100 3919 192 3956 nerea
215 3906 287 3953 eolua
298 3906 441 3969 exatiterit,
462 3910 550 3955 utrum
563 3908 669 3966 perinde
679 3909 747 3956 ratio
759 3909 826 3967 legia
834 3909 966 3971 Falcidiee
1000 3916 1059 3951 nem
1072 3902 1100 3948 in
1113 3903 1317 3965 pendentilem,
1335 3908 1373 3967 ut,
1395 3905 1530 3965 etquidem
1540 3907 1633 3952 mertia
1650 3910 1766 3964 tempore
1786 3920 1847 3965 qna-

98 3973 238 4024 habenda
254 3973 298 4035 ait,
321 3987 351 4021 aa
361 3973 384 4020 ai
395 3973 484 4021 atatim
494 3974 526 4019 ab
536 3975 615 4023 initio
628 3977 649 4023 ia
660 3977 732 4022 aoiua
742 3976 817 4023 beree
829 3977 965 4024 inatitutue
1000 3970 1138 4029 dringenta
1148 3973 1205 4017 tota
1215 3969 1393 4035 inveniantur,
1404 3973 1432 4018 in
1443 3978 1559 4021 trecenta
1577 3974 1663 4021 ualeat
1674 3973 1846 4036 acceptilatio,

97 4046 194 4103 eaaet,
218 4040 423 4101 aneiogularum
433 4041 584 4101 portionum
593 4043 733 4102 reparatim
744 4056 836 4091 caueae
847 4048 965 4104 epectan-
995 4038 1021 4084 ei
1033 4050 1096 4084 acro
1107 4042 1244 4096 praetcrea
1254 4038 1351 4098 aliquid
1361 4040 1522 4098 inveniatur,
1530 4044 1596 4100 quod
1607 4041 1774 4101 quadrantem
1786 4053 1847 4099 anp-

96 4112 159 4158 dae
172 4109 256 4156 eunti
284 4109 319 4155 lit
331 4109 423 4169 placet,
443 4110 466 4155 ai
479 4108 537 4157 eiua
546 4123 605 4169 pera
615 4111 709 4169 legatia
721 4111 845 4158 exbauate
856 4112 900 4173 eit,
920 4112 964 4171 qui
1000 4103 1730 4168 elmihfflffilfll¹¹⁸⁴l15¹¹80⁰l⁸⁸²⁶²i>ll¹⁸fi⁰imflffl·
1758 4107 1847 4163 ΘΜ*

92 4178 191 4227 hem
204 4175 348 4236 antistiit,
368 4176 488 4223 adiuvari
504 4176 647 4236 legatario.
663 4192 710 4237 qm
720 4178 886 4290 ,eicientem
905 4192 964 4238 quar.
1000 4172 1023 4218 ai
1044 4171 1146 4218 debitor
1163 4171 1215 4219 iate
1231 4173 1475 4233 quadringentorum
1490 4178 1617 4224 duntaxat
1634 4178 1737 4222 uentum
1758 4175 1844 4221 tacere

91 4251 173 4308 tem,
185 4256 255 4302 quaa
265 4256 318 4290 non
330 4247 369 4290 cat
380 4243 474 4303 legatia
485 4248 603 4307 onerata,
615 4245 674 4302 quia
684 4244 710 4293 el
732 4250 885 4309 egata,quae
898 4247 964 4306 apud
1000 4242 1096 4302 pateat,
1116 4238 1177 4295 quia
1192 4238 1241 4285 eibi
1252 4240 1377 4288 aolreudo
1388 4246 1437 4298 eat,
1458 4256 1563 4291 necaaee
1573 4242 1677 4289 habebit
1688 4245 1790 4288 centum
1802 4256 1845 4289 re·

91 4312 392 4372 lacrcdemremancnt,
413 4311 534 4375 ctiiciunt,
552 4315 580 4358 ut
591 4313 686 4361 ceteria
698 4313 833 4371 legatariia
843 4319 888 4362 aut
899 4314 966 4361 nibil
999 4306 1121 4354 fundere·
1147 4305 1232 4358 Quum
1249 4307 1331 4367 igitar
1346 4309 1449 4356 debitor
1466 4308 1708 4371 aibiaolvendoait,
1730 4308 1844 4371 eveniet,

90 4387 153 4429 ..η
167 4379 261 4427 minue
272 4378 436 4438 detraham
457 4380 480 4425 ei
492 4392 557 4427 nra
570 4380 671 4427 detecta
688 4394 747 4440 μη
764 4381 846 4428 tuerit
866 4383 965 4429 eihan.
999 4377 1042 4437 ut,
1057 4372 1183 4422 aiberede
1195 4372 1473 4436 aliquoinatitutoipai
1486 4378 1597 4424 debitori
1608 4375 1739 4440 liberatio,
1761 4376 1848 4424 etalii

88 4456 156 4509 ata,
173 4446 286 4507 perinde
296 4446 324 4492 iu
335 4460 366 4493 ea
376 4447 519 4506 ponendam
530 4448 658 4495 rationem
669 4447 966 4512 legiaFaicidiae,atque
999 4441 1191 4501 quadringenta
1201 4441 1290 4502 legata
1299 4443 1360 4504 aiat,
1381 4444 1406 4489 ai
1420 4445 1521 4501 quidam
1539 4444 1666 4493 aoleende
1683 4443 1718 4491 ait
1734 4443 1844 4505 debitor,

88 4519 117 4566 ai
133 4518 178 4563 ad
190 4527 253 4560 cunr
263 4513 345 4573 ipaum
354 4514 508 4574 pertineret,
522 4527 598 4574 aquo
608 4516 709 4563 deiecta
719 4514 804 4561 fleret.
999 4511 1102 4557 acutum
1122 4508 1310 4568 quinquaginta
1330 4523 1364 4558 ex
1385 4511 1509 4559 trecentis
1528 4512 1651 4574 retineat,
1670 4512 1723 4559 elia
1742 4515 1848 4558 eentum

105 4576 109 4581 ’
158 4581 287 4631 LXXIX.
302 4581 320 4628 1
326 4581 393 4628 deae
408 4583 474 4629 libro
489 4581 596 4629 XVIII.
614 4584 650 4629 ad
660 4583 781 4629 Eda'eteae
788 4584 962 4642 provinciale.
1000 4577 1187 4638 qninquaginta
1197 4576 1324 4636 legatario
1335 4584 1510 4642 procurentur,
1529 4579 1605 4627 berea
1621 4583 1723 4627 centum
1742 4578 1848 4626 habeut

85 4655 127 4702 lm
143 4647 306 4709 «implicitura
316 4649 488 4711 tcatamcntia,
509 4648 566 4697 aive
582 4651 615 4696 de
634 4648 791 4708 patrimonio
803 4663 963 4714 quaeramua,
1000 4646 1122 4693 Sinuare
1134 4648 1236 4692 centnm
1254 4649 1355 4693 mutum
1373 4646 1458 4694 iacere
1473 4646 1564 4709 poerit,
1585 4646 1674 4695 heredi
1695 4658 1729 4693 ex
1745 4647 1849 4693 reiecto

85 4735 129 4771 ea
141 4718 219 4768 aola
228 4716 372 4772 auletantla
383 4720 523 4779 apectatur,
534 4729 608 4776 quam
621 4721 702 4777 pater,
722 4730 799 4774 quum
810 4722 963 4782 moreretur,
999 4716 1091 4773 nutrit
1105 4713 1233 4760 terrenda
1249 4718 1308 4773 ειη.
1325 4713 1363 4760 eie
1382 4713 1434 4775 fiet,
1453 4717 1484 4760 ut
1499 4717 1611 4777 mutum,
1632 4727 1703 4772 quac
1717 4715 1845 4774 praeeteri

81 4786 217 4840 habuit,
227 4797 274 4830 nac
283 4784 315 4830 ad
324 4797 378 4831 rem
389 4786 510 4848 pertinet,
531 4784 553 4831 ai
564 4787 622 4844 poet
631 4788 741 4832 mortem
750 4784 833 4843 patria
843 4784 912 4835 dilue
922 4786 964 4833 vei
998 4783 1115 4842 puerunt,
1135 4781 1163 4826 in
1177 4784 1290 4839 quatuor
1306 4786 1395 4841 partea
1416 4780 1574 4845 dividantur,
1596 4786 1650 4829 trae
1660 4788 1748 4840 partae
1758 4783 1847 4829 ierant

81 4850 267 4916 ,equiaierit
277 4850 386 4913 aliquid,
397 4852 438 4899 ecl
450 4851 620 4912 deminuerit3
640 4852 696 4899 aire
706 4852 738 4899 de
748 4851 844 4911 legatie
856 4866 963 4909 quaera-
997 4847 1129 4910 legatarii,
1144 4848 1218 4896 lieree
1230 4848 1325 4908 viginti
1336 4848 1448 4909 quinqua
1459 4848 1561 4896 babeat.
1597 4848 1714 4916 Debitor,
1735 4850 1778 4906 qui
1790 4850 1849 4895 eoi.

79 4936 177 4985 mua,
190 4922 246 4966 tarn
258 4931 297 4981 ea,
309 4932 374 4979 quac
384 4918 412 4965 in
422 4918 522 4983 primia,
539 4931 615 4978 quam
626 4933 667 4983 ea,
678 4918 781 4978 quaein
792 4920 964 4967 reeundiata.
998 4916 1082 4962 vendo
1093 4927 1148 4961 non
1159 4919 1207 4978 eat,
1230 4928 1315 4963 aecum
1326 4919 1429 4964 centum
1439 4915 1628 4975 quinquaginta
1638 4922 1794 4980 compeneat,
1813 4918 1845 4964 de

79 4991 175 5042 buliu
189 4985 286 5035 relicta
299 4992 369 5047 aurit,
389 4986 418 5034 iu
436 5000 515 5034 uuum
531 4986 742 5048 contribuuntur,
761 4988 883 5047 tanquam
898 4987 963 5035 alet
998 4982 1110 5031 reaidnia
1121 4985 1221 5029 centum
1233 4984 1502 5046 quinquaqintaquae
1512 4983 1585 5043 exigi
1596 4997 1649 5029 non
1660 4990 1845 5046 poaaunt,uen.

79 5074 135 5121 00,
151 5066 259 5118 qum
269 5053 317 5103 mii
330 5052 423 5103 herede
433 5054 711 5117 reliquieeetteeiaiot,
726 5067 800 5101 neue
810 5054 965 5103 heredem
998 5050 1064 5096 ditio
1079 5049 1123 5097 tiat
1140 5051 1263 5107 uomiuia,
1283 5050 1368 5110 idque,
1388 5051 1462 5109 quaai
1478 5051 1561 5099 eolum
1572 5052 1684 5099 inbonia
1695 5053 1782 5114 inerit,
1803 5066 1846 5098 re·

76 5128 155 5179 ,υς
168 5120 331 5171 conditione
342 5121 463 5179 tegaeaet.
998 5120 1186 5177 praeacutatur.
1221 5118 1318 5174 Quodei
1329 5118 1400 5166 uiuit
1407 5121 1492 5167 taaere
1503 5119 1606 5167 debitor
1618 5123 1805 5182 paternaeque
1817 5120 1847 5166 ira

148 5187 273 5241 ωαχ,
289 5189 309 5236 1
313 5188 379 5235 dm
394 5190 468 5235 utro.
481 5190 536 5236 111„
553 5190 586 5237 ae
594 5190 690 5251 agam
700 5189 739 5237 aa
746 5187 869 5236 Edem„
876 5190 963 5237 Prae.
997 5188 1100 5232 cantum
1110 5184 1299 5244 quinquaginta
1309 5186 1589 5245 acceptoiiberaudum
1607 5200 1672 5250 aeae,
1692 5188 1724 5233 de
1739 5186 1847 5234 reaidun

73 5246 186 5313 tori&
227 5254 255 5302 Si
267 5257 297 5313 it,
310 5256 351 5315 qiu·
365 5255 554 5316 quadringenta
565 5258 592 5305 in
603 5257 762 5316 patrimonio
773 5257 887 5319 babebat,
906 5256 961 5303 ud.
997 5251 1175 5299 uenditionem
1185 5252 1300 5299 neminie
1311 5254 1598 5317 taciendam,Naratlua
1609 5255 1664 5305 ait'.
1680 5254 1746 5315 quod
1758 5259 1784 5302 at
1794 5266 1847 5301 noa

69 5334 128 5382 150
143 5323 298 5383 impubere
308 5322 534 5389 herqdeiuatituto
549 5325 660 5373 ducenta
674 5324 810 5386 legaverit,
832 5324 962 5381 eique'l'i-
996 5320 1141 5379 probamur.

69 5384 172 5448 tium
187 5389 317 5439 atteiam
330 5390 961 5454 beredeeaubatitaarit,etauutonentuntega·
1046 5386 1188 5434 lxxxiii„
1206 5389 1444 5436 remuneratura
1457 5386 1525 5436 m
1537 5389 1712 5452 literatorum
1746 5388 1846 5435 Siara-

69 5466 190 5527 γμ-ίι,
217 5457 359 5513 videamur,
379 5458 440 5514 quid
451 5459 519 5507 iuria
529 5460 572 5520 ait,
593 5460 740 5511 aimundum
756 5460 850 5507 eolutia
868 5458 961 5518 legatia
996 5453 1066 5501 ditor
1076 5453 1129 5502 uiti
1137 5454 1174 5500 tui
1185 5454 1305 5502 heredem
1317 5460 1343 5503 ta
1358 5456 1513 5520 iuetituerit,
1535 5460 1562 5505 et
1577 5457 1644 5517 legia
1654 5455 1787 5503 Falcidiae
1801 5467 1847 5500 ra-

67 5527 233 5600 pupillm
252 5525 403 5589 decaeterit,
423 5530 449 5573 at
465 5528 498 5574 ob
515 5527 541 5573 id
559 5541 592 5576 ea
605 5527 693 5586 legata
706 5526 811 5586 utrique
821 5526 961 5578 detenuit
995 5521 1095 5569 tionem
1108 5534 1200 5583 ponae,
1220 5522 1318 5581 peculii
1333 5525 1473 5587 quantitaa,
1495 5524 1571 5583 qued.
1584 5525 1670 5571 aditae
1691 5521 1845 5570 hereditaria

66 5603 187 5654 Solu·
204 5593 281 5640 lieret
292 5593 378 5645 Titine
389 5596 477 5641 utetur
487 5594 544 5654 lege
554 5594 686 5651 Falcidia3
697 5607 774 5653 quum
786 5592 854 5645 enim
866 5594 963 5640 ducen-
995 5592 1108 5650 tempore
1119 5589 1221 5651 tuimet,
1232 5589 1261 5636 in
1271 5591 1439 5648 quadrantem
1450 5591 1502 5639 tilii
1510 5591 1690 5650 imputabitur·

63 5678 102 5721 ς.
119 5679 171 5721 21
189 5659 344 5708 hereditate
354 5660 445 5720 pupilli
458 5661 488 5708 ed
500 5675 556 5709 euru
567 5661 722 5721 pertincant,
740 5662 850 5708 ducante
859 5661 960 5720 legato·
984 5697 986 5702 Α
1043 5656 1181 5705 lxxxiv.
1198 5655 1844 5722 1daniuirox111.lttgeerereeuRepenturea·

59 5750 150 5792 m
176 5727 294 5778 nomine
305 5728 390 5792 debet,
411 5732 515 5776 centum
526 5742 559 5777 ex
570 5728 698 5792 docantb,
716 5727 906 5788 quaepupillua
915 5726 960 5776 de·
994 5740 1047 5784 eae,
1058 5724 1194 5784 quatiere·
1204 5737 1282 5785 agere
1292 5729 1386 5791 puteat,
1399 5729 1517 5785 quamaie
1526 5730 1641 5775 taatater
1650 5736 1707 5771 nen
1717 5720 1844 5782 potuerit,
