4356 6440
299 410 304 419 ’
337 442 389 500 ua

337 583 694 646 ricinipraedioaarnantur,
717 579 840 627 eonatitui
860 593 951 642 ponae,
973 578 1071 627 rcribit.
1103 581 1126 638 d.
1148 582 1173 627 2.

265 700 269 711 ,
337 657 434 703 Eodem
443 653 512 699 libro
522 650 572 696 ait:
586 650 680 710 ricino,
693 648 764 695 cuiue
775 646 931 706 lapidicinae
941 648 1022 695 tundo
1034 649 1079 693 too
1088 646 1174 693 immi-

336 725 427 776 neant,
438 731 514 779 poare
525 720 551 762 te
563 717 719 775 concedere,
731 716 771 761 iua
780 715 804 761 ei
816 727 873 760 eaae
886 719 995 776 terram,
1006 715 1099 775 rudur,
1108 727 1175 763 aaxa

337 792 365 837 in
377 788 481 837 tundam
490 790 560 831 tuum
571 784 656 831 iacere
668 783 800 842 potitaque
811 781 919 842 babere,
939 786 966 828 et
975 784 1005 827 ut
1015 781 1042 828 iu
1053 788 1125 829 tuum
1134 781 1174 829 ia-

338 856 412 918 pidea
423 849 623 912 provolvantur,
636 851 723 907 ibique
734 848 812 908 ponti
825 849 982 910 habeantur,
1002 849 1114 909 indeque
1126 863 1174 896 ox·

336 924 479 984 portentur.
516 918 538 976 d.
551 919 575 964 i.
588 916 639 969 Qui
654 918 731 963 babet
747 917 878 977 tanatum,
897 917 949 963 iter
964 924 1065 976 quoque
1079 917 1174 964 labere

338 991 440 1036 videtur
456 987 488 1032 ad
505 983 688 1044 hauriendum,
709 987 749 1045 et,
770 983 854 1030 nteit
869 983 992 1031 Neratiua
1007 984 1076 1032 libro
1092 984 1173 1031 tertio

335 1057 555 1110 biembranarurn,
566 1052 622 1098 aire
633 1052 657 1097 ei
669 1050 710 1097 ina
719 1050 858 1098 hauriendi
869 1054 895 1098 et
905 1051 1014 1099 adeundi
1024 1062 1174 1099 macenaria

336 1125 380 1183 ait,
391 1125 523 1178 utrumque
534 1118 646 1179 babebit,
658 1120 713 1165 aire
723 1122 823 1169 tantmu
833 1117 1069 1180 hartmutum
1081 1122 1107 1166 et
1115 1119 1174 1164 adi-

335 1197 402 1250 tum,
422 1187 479 1233 aire
491 1185 705 1232 tautumadeundi
723 1187 756 1232 ad
770 1188 883 1247 iontem,
899 1187 989 1233 ineare
1003 1191 1029 1234 et
1045 1188 1171 1234 lauretum.

335 1258 404 1302 ilaec
416 1254 448 1300 de
457 1254 549 1300 hauatu
561 1265 594 1301 ex
606 1255 678 1301 tonte
690 1254 802 1312 privato.
832 1253 872 1300 Ad
884 1257 979 1302 damen
990 1260 1076 1302 autem
1088 1253 1173 1313 pubii-

335 1337 404 1384 cum,
415 1322 482 1368 idem
495 1321 618 1367 Neratiua
629 1321 719 1367 eodem
733 1322 801 1366 libro
815 1322 920 1385 acribit,
931 1322 981 1369 iter
995 1322 1089 1370 debere
1106 1321 1172 1383 cedi,

335 1391 455 1436 bacatum
466 1401 519 1435 nou
531 1391 661 1450 oportere,
672 1388 732 1434 etri
744 1387 801 1448 quia
813 1390 913 1437 tantum
923 1389 1045 1437 leuatum
1054 1386 1172 1450 emnerii,

334 1457 401 1503 nihil
413 1468 470 1503 euni
482 1468 569 1513 agere.

386 1525 430 1569 lv.
449 1521 666 1580 Papirianae
685 1523 751 1569 libro
770 1524 809 1571 11.
830 1525 1027 1584 &mentorum-
1065 1524 1172 1571 Pecoria

336 1589 457 1651 parcendi
468 1588 593 1650 cerritus,
614 1588 676 1636 item
691 1591 723 1636 ad
739 1602 832 1650 aquam
848 1591 1011 1655 appellandi,
1030 1592 1054 1637 ai
1071 1591 1170 1650 praedii

336 1662 435 1707 tructua
446 1655 558 1703 maxime
569 1655 596 1701 in
607 1669 701 1714 pecore
711 1659 851 1721 conaiatat,
869 1659 969 1717 praedii
982 1660 1077 1720 magio,
1097 1671 1171 1717 quam

335 1736 462 1786 perronae
475 1723 586 1770 ridetur.
610 1723 639 1768 Si
650 1726 735 1770 tamea
746 1729 854 1773 tentator
862 1740 999 1785 perronam
1011 1727 1171 1773 demonstra-

336 1794 388 1855 vit,
399 1792 439 1837 mii
451 1790 601 1838 eervimtcnr
612 1791 846 1854 praedari-voluit,
858 1794 950 1841 emtori
964 1793 1005 1841 rei
1015 1792 1103 1840 heredi
1114 1793 1171 1840 eiua

336 1874 389 1906 non
401 1858 489 1905 cadem
502 1857 675 1917 praestabitur
686 1860 807 1906 servitur.

387 1928 417 1971 v.
431 1926 591 1984 Utpr'uaur
602 1925 668 1972 tidro
682 1924 959 1975 rimaturum.
995 1928 1067 1987 Ergo
1079 1940 1170 1974 murn-

336 1995 394 2041 ‹lum
405 2006 462 2039 curu
472 1994 499 2038 et
510 1991 636 2038 vindicari
646 1993 754 2050 poterit.
774 1996 797 2055 d.
808 1995 958 2042 LNeratiua
968 1995 1043 2042 libria
1054 2010 1086 2043 ex
1094 1994 1171 2041 Plau-

336 2061 374 2107 tio
386 2061 434 2106 ait:
445 2073 493 2106 nee
503 2060 619 2106 iauatunr
628 2061 739 2122 pacorir,
747 2075 795 2109 nec
805 2062 947 2125 appaiaum,
955 2076 1003 2110 nac
1014 2067 1100 2109 cretae
1111 2062 1169 2108 cxi-

336 2128 456 2187 rneudne,
467 2127 595 2183 caleiaque
605 2129 751 2186 coquendae
761 2129 802 2174 iua
812 2142 887 2188 poaae
899 2130 926 2176 in
937 2131 1026 2177 alieno
1037 2143 1107 2189 eme,
1119 2129 1170 2175 uiri

336 2196 441 2243 tundam
458 2193 570 2240 vicinata
585 2193 689 2257 habeat,
708 2196 791 2244 etim
813 2196 952 2245 Proculum
972 2202 999 2243 et
1018 2197 1172 2244 Atilicinum

336 2261 500 2309 existimante
512 2261 559 2307 ait.
593 2260 678 2309 Sedet
690 2262 745 2321 ipae
755 2263 860 2311 adiicit:
876 2267 906 2310 ut
915 2264 1025 2311 maxime
1037 2263 1116 2311 micio
1127 2276 1171 2310 co-

336 2328 452 2388 quendae
462 2331 487 2375 et
498 2331 584 2374 cretae
596 2327 748 2378 eximendae
759 2332 872 2378 aertitur
880 2331 1007 2379 cuintitui
1016 2331 1105 2392 ponit,
1117 2344 1171 2378 oon

335 2396 406 2443 nitra
416 2407 581 2457 poaae,quam
590 2399 718 2453 quatem
727 2398 760 2444 ad
770 2410 830 2445 eum
840 2398 923 2457 iprum
932 2398 1039 2446 tundam
1047 2410 1113 2458 apua
1120 2399 1170 2456 ait;

384 2464 431 2508 «vi.
442 2462 566 2509 Pardua
581 2462 648 2508 libro
665 2464 721 2510 XV.
738 2464 775 2511 od
788 2466 929 2512 Plautium.
964 2465 1049 2512 Veluti
1067 2466 1089 2511 ai
1105 2467 1171 2525 ligu-

334 2532 403 2578 linaa
414 2528 565 2591 baberet,in
576 2528 668 2589 quibua
678 2545 709 2579 ea
720 2544 782 2580 raaa
793 2532 894 2594 tierent,
901 2533 993 2592 quilna
1006 2533 1105 2580 trrem
1114 2534 1171 2580 eina

334 2596 411 2645 tundi
422 2598 640 2659 exportarentur,
650 2599 732 2657 (aient
743 2599 770 2645 in
781 2599 930 2660 quibuadm
941 2600 983 2659 tit,
1004 2600 1171 2659 utamplorir

335 2666 424 2710 vinum
433 2663 572 2722 evehatur)
582 2667 626 2711 aut
635 2668 664 2711 nt
675 2665 746 2712 dolia
754 2666 861 2729 flereat,
873 2667 917 2714 vel
927 2666 1029 2727 tegnlae
1037 2668 1072 2713 ad
1082 2667 1171 2714 riilam

334 2730 528 2780 aodiiicandam.
564 2731 615 2779 Sed
625 2732 647 2778 ai
657 2737 687 2780 ut
696 2745 758 2780 rara
767 2733 889 2781 venirent
899 2734 1007 2794 iigiinae
1015 2748 1171 2783 exerceren-

334 2803 392 2861 tur,
401 2799 566 2845 uauatructua
576 2798 637 2846 erit.
674 2802 697 2859 d.
710 2804 734 2848 l.
749 2803 815 2848 item
824 2800 903 2860 longe
914 2802 1012 2849 recedit
1022 2802 1054 2849 ab
1064 2804 1170 2849 neutru-

334 2872 378 2914 cto
389 2865 431 2911 ina
441 2864 520 2912 calcia
531 2866 688 2928 coquendae,
699 2870 727 2914 et
736 2867 831 2927 lapidir
840 2868 973 2916 eximendi
988 2874 1015 2916 et
1024 2882 1119 2917 arenae
1130 2872 1169 2918 io-

335 2934 445 2980 diendae
455 2931 608 2980 aedificandi
619 2934 676 2981 eina
687 2936 784 2997 gratia,
807 2936 876 2994 qnod
892 2936 921 2981 in
938 2937 1019 2983 tundo
1034 2941 1087 2995 eat,
1100 2938 1171 2985 item

334 3001 419 3049 riirae
429 2999 555 3060 caedum,
576 3003 605 3046 ut
615 3000 767 3060 perimente
776 3003 805 3048 ia
816 3003 900 3050 vincia
912 3015 964 3051 non
973 3004 1067 3051 derint.
1100 3004 1171 3061 tiuid

334 3083 413 3129 argo,
433 3067 456 3113 ai
466 3067 631 3126 praediorum
642 3068 776 3116 meliorem
786 3083 887 3117 muaam
897 3071 961 3117 lraoc
976 3071 1090 3118 tacianti
1111 3074 1170 3121 Nea

335 3141 375 3185 cat
392 3134 573 3196 dubitandum,
594 3134 656 3195 quin
667 3137 780 3183 cernitar
790 3137 833 3183 ait.
869 3137 903 3186 itt
917 3138 967 3184 boc
979 3142 1006 3185 et
1020 3139 1171 3186 blacciauua

334 3205 427 3265 probat
438 3203 467 3249 in
477 3205 592 3265 tantum,
610 3206 640 3249 ut
651 3205 678 3249 et
691 3204 769 3251 talem
785 3204 939 3253 aerritutena
954 3206 1078 3253 eonatitui
1095 3220 1171 3265 parre

333 3275 414 3333 putet,
421 3274 451 3316 nt
462 3269 595 3329 tugurium
605 3269 666 3317 miii
678 3269 772 3318 habere
782 3271 875 3320 liceret
885 3272 912 3319 ln
923 3277 977 3335 tuo,
985 3274 1084 3320 reilicot
1093 3274 1117 3320 ai
1128 3275 1171 3321 la·

333 3340 407 3385 bearn
416 3337 504 3396 paacui
517 3337 678 3399 aerrltutcm,
685 3342 728 3385 ant
739 3340 840 3396 pecoria
847 3334 1050 3403 'appellandi,ut,
1058 3341 1081 3386 ai
1091 3342 1171 3388 hiena

333 3405 470 3464 ingruerit,
481 3404 600 3466 habeam,
612 3417 663 3463 quo
675 3418 716 3451 me
724 3405 856 3465 recipiam.

385 3473 441 3517 vti.
459 3470 477 3516 1
480 3471 622 3518 doartidro
634 3469 706 3518 XXI.
717 3473 754 3519 od
764 3473 891 3522 Edictum.
919 3472 970 3528 Qut
987 3472 1052 3520 aelia
1069 3477 1116 3521 aut
1132 3475 1171 3522 ie·

334 3537 402 3585 ctiea
413 3535 531 3598 rebitur,
542 3537 595 3600 ire,
604 3551 658 3585 non
670 3551 747 3598 agere
757 3539 860 3588 dieitur.
895 3542 1039 3588 inmeutunr
1050 3553 1113 3589 rero
1124 3542 1171 3588 du-

335 3616 394 3651 cere
404 3617 458 3650 non
468 3606 564 3666 puteat,
575 3605 619 3664 qui
632 3606 684 3654 iter
693 3610 794 3655 mutum
805 3608 891 3655 babet.
926 3607 977 3663 uui
990 3612 1076 3655 actam
1085 3608 1170 3671 labet,

335 3674 363 3718 et
373 3673 514 3728 ptauatrum
524 3672 626 3731 ducere,
637 3677 664 3720 et
673 3673 788 3724 iumenta
799 3688 876 3734 agere
886 3678 986 3734 poteat3
997 3676 1041 3723 aed
1051 3676 1170 3724 treherii

337 3737 447 3796 lapidem
460 3741 505 3786 aut
516 3737 615 3798 tignum
626 3743 711 3790 nentri
729 3755 821 3791 eoram
836 3742 878 3788 ina
894 3746 942 3790 eat.
978 3742 1102 3795 Quidam:
1123 3757 1171 3791 nec

335 3803 433 3852 iraatarn
444 3808 540 3854 rectam
551 3805 575 3852 ei
586 3806 655 3854 terre
664 3809 753 3871 licere,
763 3808 993 3870 quiauequeeuudi
1001 3824 1171 3871 nequeegeu-

337 3872 363 3918 di
374 3873 457 3932 qratia
468 3873 494 3920 id
506 3873 617 3935 laceret,
629 3879 655 3923 et
665 3882 773 3936 portent
783 3877 880 3923 tructus
889 3890 921 3923 eo
932 3879 1090 3925 ruoilolaedi.
1119 3879 1170 3932 tiui

335 3939 404 3986 riam
422 3939 532 4003 habent,
555 3942 634 3990 cundi
650 3945 793 4003 agendique
810 3943 850 3989 iua
861 3944 969 4003 itabent3
993 3946 1123 4005 plerique:
1144 3949 1170 3994 et

336 4006 453 4053 trahendi
465 4013 607 4070 quoquc,et
616 4015 712 4058 rectam
722 4012 823 4058 bartam
834 4011 974 4067 terendi‚ai
985 4012 1060 4058 modo
1072 4014 1170 4062 irnctua

334 4085 388 4119 non
398 4074 511 4122 laedant.
548 4078 571 4137 i.
587 4077 607 4124 Ι.
620 4079 649 4124 lu
660 4079 766 4125 raeticia
775 4082 860 4125 autera
871 4079 987 4137 praediia
1001 4080 1106 4140 impedit
1114 4094 1170 4129 aer-

335 4141 444 4188 ritatem
455 4143 567 4191 medinm
576 4145 718 4203 praeliare,
731 4145 799 4203 quod
810 4158 863 4192 nou
875 4148 965 4193 deruit.

383 4210 452 4255 vill.
466 4212 566 4258 caiae
586 4212 654 4260 tiore
668 4213 692 4260 V
691 4213 732 4260 11.
742 4215 780 4260 od
787 4213 906 4261 limitum
913 4217 1086 4275 provinciale.
1106 4218 1170 4265 Viae

333 4276 447 4325 latitudo
454 4291 486 4328 ex
494 4278 550 4339 lege
557 4279 692 4327 inierim
701 4280 847 4328 mutarum
857 4282 884 4328 in
895 4287 1043 4341 porrectura
1053 4288 1113 4331 octo
1124 4298 1170 4344 pe-

333 4344 378 4392 den
389 4345 473 4407 babet,
486 4347 513 4393 ia
524 4347 683 4407 antracturn,
696 4346 723 4395 id
734 4350 774 4395 eat
785 4349 829 4395 ubi
840 4351 935 4398 oerum
946 4354 1003 4411 eat,
1015 4352 1134 4401 aedecim.

381 4412 426 4459 ix.
438 4413 886 4465 1’aatarbir01.senrentrmae.
905 4418 1024 4465 Serritua
1033 4432 1114 4476 aquae
1124 4420 1170 4466 du-

333 4479 429 4527 cendae
440 4480 482 4527 rei
492 4480 659 4543 hauriendae,
671 4482 723 4529 niai
732 4496 766 4530 ex
776 4484 862 4545 eapite
875 4485 917 4532 rei
927 4499 961 4532 ex
973 4487 1059 4549 toute,
1071 4487 1170 4535 conati-

334 4547 372 4594 tui
385 4560 438 4594 non
448 4550 565 4608 poterat;
582 4548 659 4597 bodie
670 4551 756 4598 tamen
767 4564 801 4599 ex
814 4564 964 4613 quacunque
974 4553 1033 4601 loco
1045 4554 1169 4603 conutitui

242 4680 249 4687 -
334 4613 409 4660 roiet.

381 4678 414 4726 X.
427 4682 591 4730 tremore
601 4681 704 4732 xnix.
717 4686 892 4735 orlEriicttran.
928 4689 1014 4737 Labeo
1025 4688 1075 4737 ait:
1092 4692 1120 4735 et
1129 4691 1171 4736 ta·

332 4746 383 4793 lem
394 4749 546 4797 territatum
558 4750 683 4799 conutitui
694 4764 784 4817 ponae,
795 4758 824 4801 nt
835 4768 926 4816 aquarn
937 4769 1078 4820 quaerere,
1089 4761 1116 4804 et
1126 4758 1169 4805 in·

333 4814 436 4860 rentem
448 4816 542 4864 ducere
560 4818 647 4867 iiceat.
684 4821 748 4868 Naar
763 4823 787 4868 ai
807 4822 885 4869 licoat
901 4824 1015 4871 nondam
1032 4824 1169 4874 aeditieato

332 4880 613 4934 aediticioaerritntenr
623 4889 801 4952 conatituere,
822 4898 900 4949 quare
910 4904 964 4938 non
982 4904 1063 4950 aeque
1079 4891 1168 4955 iioeat,

331 4946 445 4994 nondum
463 4949 569 5000 inventa
584 4967 650 5011 aqna
667 4956 757 5005 itidem
774 4958 934 5007 coanimere
950 4959 1123 5008 aerrituternt
1140 4964 1168 5009 et

331 5014 370 5076 ai,
391 5016 419 5060 ut
430 5027 553 5072 quaerere
563 5019 654 5086 liceat,
668 5024 759 5074 cedere
769 5036 921 5091 wwmna,
932 5026 1010 5075 etiarn
1021 5032 1049 5075 ut
1059 5026 1168 5077 inreata

332 5082 366 5131 du
383 5084 452 5141 atur,
464 5081 519 5127 cedi
530 5089 622 5142 potent.

380 5146 427 5194 xi.
440 5147 557 5196 earm
566 5154 633 5202 libro
648 5157 771 5214 xxm
782 5161 955 5222 mertem
990 5164 1040 5213 Per
1049 5164 1167 5225 nudant,

330 5214 374 5275 qui
388 5214 500 5277 pluriam
511 5220 559 5278 ert,
570 5219 611 5266 iux
620 5225 683 5271 mibi
694 5239 750 5275 eme
759 5229 839 5279 eundi
847 5232 955 5295 agendi,
966 5237 1168 5294 minorem·-

330 5284 377 5332 tim
386 5281 452 5330 cedi.
489 5280 560 5340 Ergo
572 5290 660 5337 tubtili
672 5294 774 5344 ratione
784 5308 839 5345 nou
859 5300 938 5349 aiiter
955 5306 1042 5351 ineam
1059 5299 1167 5360 onim,

330 5362 406 5410 qnam
414 5350 438 5397 ai
448 5360 538 5397 omnen
549 5352 648 5415 redint,
659 5361 686 5406 et
695 5363 837 5412 novinae
846 5367 945 5417 demun
957 5373 1075 5419 centone
1086 5378 1167 5424 11Ρο-

329 5419 414 5468 riorea
425 5426 516 5466 carnea
526 5418 752 5475 confirmabuntur.
772 5426 912 5492 &nigrior
921 5442 1008 5487 tamen
1018 5437 1130 5489 dinewr.
1141 5432 1169 5475 0²

329 5489 467 5542 antequam
477 5483 815 5561 novtuinureearerit,eor,
824 5501 867 5557 qui
879 5508 956 5554 antea
962 5502 1111 5559 cemmatj
1123 5508 1170 5543 rc·

330 5560 387 5602 tare
396 5553 520 5601 utineam
532 5551 589 5603 iure
604 5570 657 5605 non
668 5573 751 5619 ponae.
928 5584 933 5591 ·
1161 5572 1164 5583 '

379 5620 438 5667 xii.
454 5618 665 5674 morerere-r
679 5629 745 5676 tion
760 5630 812 5678 'IX
827 5632 1054 5702 dimum
1094 5631 1173 5682 init-'i

329 5691 451 5735 animet
465 5688 871 5752 iterenturtrmrrmreeua
896 5706 1172 5770 innomi-rt·

328 5756 385 5814 qnia
396 5756 472 5813 pedet
483 5754 523 5836 tei
534 5770 613 5818 eqnea
623 5772 767 5812 commone
777 5770 875 5839 perere,
892 5774 966 5829 'ama
974 5796 1036 5842 rm
1072 5765 1130 5824 uiri
1147 5764 1173 5811 Oi

327 5827 443 5871 amenta
455 5823 575 5875 reticere
581 5864 589 5894 ,
601 5832 628 5877 et
638 5831 785 5879 uehiculum
796 5833 887 5899 dacer.
897 5848 981 5904 um,
1041 5821 1051 5856 '

512 438 598 495 niu.
629 436 715 494 viil
746 437 771 492 3.
808 438 866 492 Dii
896 386 1224 492 SERVlTU'ilBUS
1257 431 1545 493 PuaunloRtitt
1576 429 1876 489 liutricotibii.

1277 577 1546 627 xiilleooteaae
1563 579 1630 627 tiiro
1650 578 1684 626 Χ.
1702 590 1738 628 er
1754 582 1854 639 meria
1882 580 1962 628 iterio
1975 583 2070 642 reneri

1227 657 1348 706 agrorum
1361 646 1460 704 acquiri
1467 646 1583 694 rerxltua
1594 649 1695 707 potent,
1707 647 1780 694 reiut
1790 647 1888 709 rinna,
1908 648 2073 710 qnodqueea

1227 714 1353 762 adantum
1361 715 1457 775 magia,
1469 724 1545 774 quam
1555 713 1588 760 ad
1600 714 1761 773 superdeiem
1771 716 1916 774 pertineat3
1937 716 1998 764 ideo
2008 716 2072 764 aab·

1227 781 1289 828 latia
1301 781 1386 829 vincia
1397 781 1508 829 uertitur
1518 782 1641 831 mauebit.
1672 782 1724 828 Sed
1732 782 1756 828 ai
1772 783 1800 829 iu
1817 783 1995 830 contrahentia
2011 795 2073 832 aar·

1229 849 1315 897 uitute
1327 849 1398 897 atiml
1406 853 1494 897 actaar
1504 848 1565 909 erit,
1575 848 1631 897 doti
1641 848 1703 897 maii
1713 849 1834 909 exceptio
1847 850 1897 898 erit
1909 851 2070 899 aeceaaaria.

1228 917 1250 977 d.
1266 920 1287 964 l.
1301 916 1327 962 Si
1339 920 1410 962 totua
1421 930 1483 975 ager
1494 916 1582 963 itineri
1593 919 1638 962 aut
1648 918 1716 962 actui
1733 917 1813 964 aervit
1819 948 1828 973 ,
1837 916 1841 927 '
1850 917 1971 965 damiana
1986 918 2017 965 la
2034 929 2072 965 eo

1226 997 1290 1042 agro
1301 983 1369 1033 aiiii
1380 985 1467 1031 tacere
1476 986 1577 1043 potent,
1588 990 1640 1041 quo
1650 983 1762 1031 territur
1774 984 1940 1047 impediatur,
1951 996 2018 1045 qaae
2030 984 2072 1031 ita

1227 1050 1320 1109 ditum
1329 1054 1386 1113 eat,
1405 1054 1435 1099 ut
1446 1064 1534 1099 omnen
1544 1051 1637 1111 glebae
1646 1050 1773 1099 aerriant.
1803 1052 1838 1097 At
1852 1052 1875 1098 ai
1890 1052 1943 1100 iter
1961 1056 2070 1100 aetorre

1226 1118 1284 1166 aine
1295 1118 1351 1167 ulla
1362 1119 1578 1167 determinatione
1589 1119 1691 1178 legam
1711 1123 1766 1182 eat,
1788 1119 1864 1166 modo
1882 1118 2071 1167 determinabi-

1227 1189 1278 1247 tur,
1288 1190 1316 1233 et
1326 1199 1375 1245 qaa
1386 1186 1494 1246 primum
1507 1187 1558 1234 iter
1566 1186 1765 1234 determinatum
1776 1190 1830 1249 eat,
1841 1200 1873 1234 ea
1882 1187 1996 1233 aerritua
2006 1199 2072 1235 ooa-

1226 1253 1309 1311 airtit,
1321 1257 1422 1301 mimae
1433 1259 1520 1311 parter
1531 1253 1586 1313 agri
1598 1254 1696 1302 liberae
1707 1259 1775 1301 aunt.
1802 1254 1886 1313 igitur
1895 1254 1994 1302 arbiter
2004 1255 2071 1301 dan-

1227 1322 1274 1367 dna
1286 1325 1339 1377 eat,
1361 1321 1405 1380 qui
1416 1328 1529 1380 utroque
1540 1334 1600 1367 caau
1613 1322 1681 1368 viam
1690 1321 1864 1369 determinare
1882 1322 1972 1389 debet,
2000 1323 2024 1382 d.
2041 1324 2068 1369 2.

1226 1388 1348 1435 latitudo
1359 1393 1434 1435 aetna
1445 1390 1599 1445 itineriaque
1619 1402 1651 1435 ea
1665 1395 1720 1449 eat,
1743 1402 1808 1448 quae
1823 1389 2000 1436 demouatrata
2018 1393 2068 1436 eat.

1226 1455 1975 1511 Quodainibildictumeat,ixocnbarbitroatatueudumeat.
1988 1455 2070 1504 invia

1225 1524 1512 1581 aaudmrnerqrmmri
1521 1522 2066 1586 dietoiatitudononert,legitimadebetnr.

1225 1592 1248 1651 i.
1260 1592 1285 1637 3.
1295 1591 1325 1636 Si
1336 1591 1409 1636 iocua
1417 1605 1470 1637 non
1480 1591 1583 1637 adiecta
1592 1588 1732 1638 latitudine
1742 1590 1889 1637 nominatae
1896 1594 1946 1652 eat,
1955 1604 2002 1650 per
2009 1603 2068 1638 ean

1224 1670 1273 1717 qna
1283 1657 1347 1704 libet
1358 1657 1392 1703 iri
1403 1658 1515 1716 poterit,
1527 1658 1567 1703 ain
1578 1661 1663 1705 autem
1674 1658 1870 1716 praetermiaaur
1880 1661 1928 1715 eat,
1940 1658 2067 1714 aequem·-

1223 1725 1509 1783 titudinenouadiecta,
1518 1739 1562 1783 per
1570 1728 1651 1771 toturn
1662 1728 1767 1773 tundnm
1777 1724 1930 1784 nnapoterit
1938 1724 2002 1783 eligi
2013 1723 2065 1781 ria,

1224 1791 1350 1840 duntaxat
1361 1792 1416 1839 eirea
1426 1792 1592 1853 latitudinia,
1610 1806 1675 1849 quae
1685 1793 1743 1852 lege
1754 1792 1940 1851 comprobante
1948 1795 2065 1851 ert;pro

1223 1873 1273 1918 qno
1284 1860 1350 1922 ipro,
1361 1859 1384 1905 ai
1395 1859 1560 1921 dubitabitur,
1572 1860 1664 1906 arbitri
1676 1860 1785 1906 otiiciuur
1796 1859 1972 1908 invocandum
1981 1862 2029 1905 eat.

1274 1927 1341 1972 xiv.
1353 1928 1512 1985 Pomponi
1516 1942 1551 1974 aa
1562 1929 1631 1973 libro
1641 1927 1759 1974 xxxii.
1770 1928 1808 1974 rut
1817 1929 1938 1986 Quintum
1946 1926 2067 1973 Muciam.

1224 1993 1455 2053 Perquenrlocunr
1477 1993 1545 2040 riam
1565 1994 1612 2039 aiii
1633 2007 1802 2055 concernero,
1822 2007 1869 2053 per
1890 1992 2001 2039 eundem
2018 1992 2066 2040 alli

1223 2062 1408 2120 aquaeductum
1420 2060 1510 2107 cedere
1522 2074 1574 2107 non
1595 2064 1701 2119 potero3
1723 2062 1769 2108 aed
1789 2066 1815 2109 et
1836 2061 1860 2107 ai
1880 2059 2067 2117 aquaeductum

1223 2128 1268 2174 alii
1280 2141 1447 2188 concurrere,
1468 2127 1515 2173 alii
1526 2129 1577 2174 iter
1588 2142 1634 2186 per
1655 2128 1765 2175 eundem
1785 2129 1870 2175 locam
1890 2128 2005 2175 rendere
2023 2125 2065 2174 rei

1223 2195 1289 2243 aliar
1300 2196 1391 2243 cedere
1401 2207 1454 2241 non
1464 2199 1565 2252 potero.

1273 2263 1329 2309 XV.
1341 2263 1509 2309 luentium
1524 2259 1624 2308 XXXI·
1640 2265 1678 2311 od
1697 2265 1817 2322 Quintam
1832 2262 1954 2310 riman.
1981 2260 2065 2315 Quin·

1222 2334 1265 2376 tua
1275 2329 1375 2389 Μοοίοο
1385 2329 1490 2376 aeribit:
1502 2342 1557 2375 cum
1568 2329 1618 2376 iter
1627 2340 1709 2390 aquae
1720 2330 1763 2378 rei
1773 2328 1954 2389 quotidianae,
1967 2328 2010 2375 rel
2021 2341 2065 2376 ae·

1223 2397 1321 2457 ativae,
1334 2397 1453 2455 reiquae
1469 2396 1611 2443 intervallo
1626 2398 1748 2456 longiora
1759 2397 1866 2458 lrabeat,
1888 2409 1934 2454 per
1950 2396 2064 2443 alienun

1223 2464 1330 2512 landum
1341 2464 1405 2523 erit,
1427 2463 1508 2513 iioero
1518 2463 1630 2510 iiatularn
1641 2477 1715 2511 auam
1725 2464 1767 2510 vei
1777 2464 1882 2511 fictilem
1896 2463 1937 2509 rei
1954 2462 2064 2510 cuiuaii·

1223 2533 1266 2579 bet
1277 2532 1380 2590 generi·
1391 2530 1419 2578 in
1430 2529 1488 2577 rivo
1500 2544 1611 2593 ponere,
1629 2544 1693 2589 quae
1704 2544 1796 2588 aquam
1804 2529 1885 2576 latina
1897 2530 2064 2600 exprimeret,

1223 2603 1249 2646 et
1260 2598 1329 2659 quod
1339 2598 1420 2646 vellet
1431 2598 1459 2644 in
1472 2597 1529 2643 rivo
1542 2599 1627 2645 tacere
1638 2599 1733 2660 licere,
1755 2600 1815 2646 dum
1825 2610 1859 2643 ue
1869 2596 1977 2644 domium
1988 2610 2064 2657 prae-

1223 2666 1260 2713 dii
1270 2665 1407 2726 aquagium
1414 2665 1532 2712 deteriua
1546 2667 1651 2713 taceret.

1271 2733 1340 2779 xvi.
1353 2734 1415 2780 Col
1421 2734 1433 2779 1
1436 2734 1448 2778 i
1454 2747 1466 2780 r
1473 2740 1585 2779 troiae
1595 2733 1661 2780 libro
1671 2732 1724 2779 111.
1734 2733 1766 2778 de
1778 2733 1981 2793 Gogar'tr'oadiaa.
2016 2730 2062 2778 tit·

1223 2813 1271 2848 rua
1281 2800 1342 2847 Pina
1351 2798 1494 2859 aucupibaa
1504 2802 1542 2847 ita
1551 2800 1700 2859 reacripait:
1715 2794 1768 2845 ota
1778 2797 1845 2846 torn
1855 2794 1972 2876 rilopr,
1982 2790 2062 2845 riarde·

1221 2865 1333 2915 roreeir
1343 2862 1476 2912 deonorrir
1487 2861 1553 2928 ὑμᾶς
1562 2867 1588 2911 ir
1598 2863 1746 2929 ἀλλοτρίοις
1753 2865 1860 2928 χωρίοις
1869 2862 1998 2924 cruores)

1272 2934 1354 2981 xvti.
1366 2934 1529 2994 Papiriae
1539 2934 1558 2979 1
1562 2939 1657 2983 attat
1668 2934 1738 2981 libro
1748 2933 1772 2978 1.
1783 2933 1814 2979 dc
1825 2935 2063 2982 marmaridae

1222 3005 1395 3061 imperatorer
1411 3002 1561 3048 antoniana
1580 3003 1607 3048 ot
1626 3004 1707 3049 verua
1726 2999 1836 3060 Augnati
1856 3000 2062 3061 reaeripaernat:

1223 3082 1314 3127 aquam
1325 3069 1357 3116 do
1366 3069 1474 3116 domine
1483 3069 1587 3128 publico
1598 3082 1645 3127 pro
1656 3069 1732 3116 modo
1746 3067 1939 3125 poaaeaaionunr
1952 3070 1987 3117 ad
2002 3068 2062 3116 irri-

1223 3137 1320 3197 gando·
1331 3149 1408 3196 agror
1419 3136 1498 3183 diuidi
1511 3140 1649 3198 oportere,
1669 3135 1721 3183 aiei
1733 3135 1840 3194 proprio
1849 3135 1907 3191 qaia
1926 3135 1988 3183 lure
2004 3136 2062 3195 pira

1222 3204 1271 3253 ribi
1281 3204 1368 3251 &tum
1377 3204 1531 3251 uatenderit.
1558 3204 1623 3250 item
1639 3202 1843 3261 reacripaeruut:
1864 3214 1957 3260 aquam
1966 3202 2006 3251 ita
2015 3203 2062 3250 de·

1222 3286 1287 3320 marn
1296 3271 1412 3330 permitti
1423 3271 1492 3333 duci,
1504 3270 1526 3317 ri
1537 3272 1594 3318 riae
1605 3270 1705 3317 iniuria
1714 3269 1824 3317 alteriue
1835 3269 1861 3316 id
1872 3268 1926 3316 liat.

1273 3338 1367 3385 xviii.
1381 3339 1625 3399 Ulpioaurlitro
1638 3336 1712 3387 xit<
1728 3338 1767 3385 ud
1783 3336 1916 3384 Sabinam
1931 3388 1933 3393 ,
1949 3339 2008 3385 Una
2022 3338 2062 3384 cat

1223 3406 1275 3468 ria,
1285 3405 1336 3453 etri
1349 3419 1395 3464 pe
1406 3405 1493 3465 piurea
1504 3407 1597 3454 laudor
1609 3405 1773 3467 imponatur,
1794 3418 1869 3464 qnam
1880 3418 1933 3451 uara
1948 3403 2063 3452 aerritua

1223 3474 1267 3521 ait.
1299 3472 1416 3532 lienique
1427 3473 1574 3534 quaeritur:
1586 3486 1628 3534 au,
1638 3474 1660 3521 ai
1672 3485 1720 3534 per
1730 3485 1809 3519 nnunr
1819 3471 1923 3518 tandum
1933 3472 2007 3535 iero,
2016 3485 2063 3532 per

1224 3540 1304 3588 alium
1314 3552 1370 3586 uon
1378 3554 1424 3599 per
1435 3544 1533 3589 tantum
1543 3547 1656 3602 tempna,
1677 3542 1776 3602 quanto
1787 3539 1898 3587 territur
1920 3541 2061 3602 amittitur,

1223 3621 1257 3655 an
1269 3606 1396 3655 reducam
1407 3609 1576 3656 acrritutemi
1596 3609 1630 3655 Et
1640 3608 1723 3668 magia
1733 3610 1786 3668 eat,
1798 3610 1827 3653 nt
1835 3608 1880 3653 aut
1890 3610 1948 3654 tota
1957 3608 2062 3655 amitta-

1223 3677 1280 3736 tur,
1297 3677 1341 3721 aut
1351 3679 1409 3723 tota
1417 3675 1571 3725 retineatur.
1602 3675 1745 3734 ideoqueai
1756 3674 1831 3721 nulio
1842 3684 1902 3720 arna
1914 3685 1987 3737 aura,
2008 3678 2063 3721 tota

1222 3742 1364 3802 amittitnr;
1375 3743 1397 3788 ai
1409 3744 1525 3803 relano,
1537 3745 1593 3792 tota
1602 3747 1730 3791 certator.

1270 3808 1342 3875 lllll.
1354 3808 1480 3860 Parcior
1490 3813 1558 3858 itit-o
1572 3812 1597 3856 V
1596 3812 1619 3858 1.
1629 3811 1806 3859 elisatiam.
1824 3809 1852 3856 Si
1863 3821 1932 3855 unua
1941 3821 1976 3856 ex
1984 3808 2063 3856 aoeiia

1223 3875 1362 3935 alipulctur
1374 3877 1425 3924 iter
1435 3880 1466 3925 ad
1477 3892 1635 3926 communem
1646 3880 1762 3940 lundam,
1786 3876 1889 3923 inutilia
1899 3882 1939 3924 eat
1951 3876 2063 3936 atipula·

1224 3944 1276 4003 tio,
1285 3944 1347 4004 quia
1357 3945 1471 3993 nendnri
1483 3947 1506 3993 ei
1520 3948 1619 4005 pateat,
1630 3946 1675 3994 aed
1686 3946 1708 3992 ri
1720 3958 1809 3992 omnea
1818 3943 1993 4005 atipulentur,
2008 3942 2063 3991 aire

1222 4012 1475 4074 communicaretur,
1486 4013 1581 4073 cinguli
1592 4026 1627 4061 ex
1638 4014 1717 4061 aociir
1728 4012 1777 4059 ribi
1789 4012 1844 4058 dari
1856 4016 1980 4070 oportere
1991 4014 2063 4070 pete-

1222 4092 1252 4127 re
1262 4084 1384 4143 poaaant,
1395 4079 1456 4138 qaia
1466 4082 1568 4128 itadari
1582 4081 1620 4128 eia
1631 4085 1731 4140 potent,
1752 4093 1800 4135 ne,
1820 4078 1842 4125 ai
1854 4079 1997 4137 atipulator
2007 4078 2064 4125 riae

1222 4146 1311 4206 piam
1322 4147 1430 4195 hererico
1440 4148 1590 4207 reliquerit,
1601 4148 1705 4195 inutilia
1716 4147 1852 4206 atipuiatio
1861 4146 1915 4193 liet.

1275 4209 2063 4277 xx.Por-pontuariaemanummerias-‚stant
2132 4242 2136 4253 ·

1222 4281 1313 4330 eodem
1322 4284 1437 4342 tempore
1447 4283 1606 4331 couceareria
1616 4289 1643 4331 et
1653 4283 1692 4330 ire
1699 4296 1777 4342 agere
1786 4296 1834 4340 per
1845 4284 1917 4327 taum
1930 4281 2028 4341 locum,
2035 4283 2062 4326 et

1221 4348 1261 4396 uti
1271 4349 1325 4396 irai
1335 4362 1367 4397 eo
1379 4350 1418 4397 iua
1428 4364 1493 4409 erae,
1501 4349 1594 4398 deinde
1607 4364 1656 4410 ego
1668 4350 1717 4397 tibi
1728 4362 1879 4396 conceaaero
1890 4347 1933 4394 ina
1945 4347 2010 4396 uiti
2022 4345 2062 4393 uti

1223 4414 1275 4463 lrui
1286 4429 1339 4464 nen
1350 4431 1415 4479 eoae,
1425 4431 1478 4465 uon
1489 4419 1568 4465 aliter
1577 4431 1609 4465 eo
1620 4418 1679 4465 ioco
1689 4417 1771 4464 aterio
1781 4417 1886 4477 irueria,
1897 4428 1975 4474 qnam
1986 4418 2015 4462 at
2025 4414 2062 4461 ire

1222 4484 1369 4544 ageremiiri
1382 4491 1452 4534 reete
1463 4486 1551 4534 licoat.
1583 4487 1647 4532 item
1658 4485 1680 4531 ai
1691 4486 1786 4533 ducere
1804 4497 1849 4544 per
1865 4487 1937 4530 tuum
1955 4481 2063 4530 madan

1222 4563 1314 4611 aquarn
1324 4552 1381 4599 iure
1392 4558 1510 4614 potuero,
1517 4558 1544 4600 et
1551 4553 1579 4599 in
1586 4552 1672 4600 cotibi
1679 4552 1814 4600 aedificare
1821 4550 1904 4599 invito
1912 4564 1954 4597 me
1961 4549 2003 4596 ina
2010 4560 2062 4595 aaa

1223 4618 1318 4681 inerit,
1338 4620 1361 4666 ai
1373 4621 1419 4667 tibi
1431 4630 1584 4668 conceaaero
1596 4618 1636 4666 ina
1646 4633 1702 4667 eane
1712 4618 1863 4677 aedificare,
1890 4616 2061 4664 arbitantur

1221 4686 1448 4736 iancmrritatnm
1459 4688 1663 4748 raibipraeatare
1676 4686 1787 4746 debebit,
1799 4696 1831 4733 ae
1842 4684 1922 4733 aliter
1930 4683 2061 4746 aedificer,

1221 4766 1298 4813 quarn
1309 4759 1339 4800 nt
1349 4754 1442 4802 damna
1452 4769 1534 4814 aquae
1541 4768 1612 4803 arena
1622 4758 1733 4816 maneat,
1742 4752 1870 4811 totiuaqne
1881 4751 1938 4798 eiua
1950 4751 1989 4798 rei
2000 4764 2062 4799 eoa-

1220 4821 1288 4869 ditio
1300 4821 1362 4869 talia
1371 4836 1428 4871 eme
1438 4823 1528 4886 debet,
1548 4821 1632 4881 qualia
1644 4825 1726 4882 eaaet,
1747 4821 1769 4868 ai
1780 4833 1831 4868 aaa
1840 4819 1973 4866 duntaxat
1983 4817 2061 4866 initio

1222 4891 1359 4937 mencio
1371 4891 1440 4938 iacta
1450 4893 1528 4938 earet.
1562 4891 1586 4950 i.
1601 4890 1624 4937 i.
1635 4890 1751 4937 Sortitur
1763 4886 1933 4948 natmaiiter,
1943 4898 1999 4933 aaa
2010 4898 2062 4933 na-

1221 4959 1329 5005 nataota
1339 4972 1434 5018 opere,
1455 4957 1561 5006 laedere
1569 4959 1656 5016 potent
1665 4957 1773 5005 madum
1783 4954 1939 5003 aerrientear
1949 4987 1957 5016 ,
1974 4966 2061 5013 qne·-

1220 5025 1356 5075 adntodum
1373 5027 1396 5074 ai
1416 5026 1497 5073 imbre
1515 5028 1613 5073 ereacat
1629 5023 1815 5086 aqualnrivo,
1832 5026 1923 5089 auter
1944 5019 2060 5081 agricia

1220 5106 1279 5141 eum
1294 5095 1422 5155 maru-t,
1444 5098 1579 5150 artaquae
1589 5093 1647 5140 tona
1660 5089 1907 5149 amandandum,
1927 5089 1972 5135 rel
1983 5089 2012 5135 ln
2029 5099 2061 5136 ea

1219 5160 1412 5221 lpaoinrentua
1421 5166 1512 5220 poatea
1523 5160 1610 5206 luerit
1645 5161 1668 5221 d.
1680 5163 1704 5207 l.
1716 5158 1745 5206 Si
1756 5156 1938 5205 madoseiaao
1949 5154 2060 5215 coatia

1219 5229 1280 5277 lona
1290 5230 1384 5296 inerit,
1400 5241 1434 5279 ex
1445 5242 1497 5287 quo
1507 5229 1581 5275 tonte
1593 5226 1754 5286 pertundam
1765 5224 1886 5273 beianum
1898 5235 1992 5283 mua·
2004 5222 2060 5269 inre

1220 5296 1357 5359 ducebam,
1377 5310 1434 5346 meo
1445 5299 1515 5345 laeto
1526 5295 1607 5343 tundo
1618 5295 1715 5342 Seiano
1725 5294 1812 5340 manet
1831 5290 1955 5339 territae.
1991 5291 2017 5349 1.
2034 5288 2058 5338 i-

1220 5363 1362 5413 lianriendi
1372 5366 1413 5413 iar
1423 5377 1478 5413 noa
1488 5362 1615 5424 hominia,
1626 5362 1670 5410 aed
1680 5359 1778 5422 manilii
1789 5363 1837 5407 eat.

1269 5431 1558 5481 xiii.1’aalariiiro
1573 5430 1634 5478 XV.
1649 5431 1685 5478 od
1701 5427 1832 5475 namra.
1869 5424 1898 5472 ai
1916 5423 1981 5471 nint
1998 5435 2057 5471 coe·

1222 5500 1330 5547 inuria
1341 5500 1392 5549 iter
1400 5513 1482 5561 aquae
1492 5498 1656 5560 pertundam
1672 5501 1813 5544 tnamnora
1828 5491 1962 5539 deatinata
1976 5494 2057 5551 parte,

1221 5577 1268 5624 par
1277 5582 1352 5630 quam
1362 5570 1489 5631 duceret,
1501 5570 1575 5614 totua
1584 5565 1677 5614 tundua
1686 5568 1747 5610 tuna
1758 5560 1870 5617 aerriet;

1245 5666 1248 5675 ·
1267 5636 1349 5686 xxti.
1360 5638 1405 5685 1³0
1413 5635 1637 5696 rupo-tration
1648 5629 1786 5681 xxxm.
1797 5629 1833 5676 d
1842 5626 1979 5674 sodimi-
2007 5623 2055 5673 Μ

1223 5717 1288 5766 quae
1297 5705 1357 5756 inca
1364 5705 1421 5754 eina
1432 5701 1506 5750 tundi
1516 5706 1674 5769 tuna-qnam
1681 5713 1714 5748 ea
1721 5698 1799 5746 lieret
1806 5684 1954 5756 eonomaia,
1964 5690 2055 5740 aedil-

1253 5800 1274 5856 ⁹i
1283 5798 1339 5846 air
1348 5803 1383 5842 art
1392 5797 1585 5845 contentorum,
1595 5795 1672 5851 atper
1679 5790 1759 5835 atiena
1764 5784 1865 5847 praedia
1875 5780 1964 5827 iarltia
1974 5778 2053 5826 doari-

1225 5852 1264 5900 itir
1271 5855 1400 5916 aaeaptaat
1402 5850 1517 5915 facieba
1692 5852 1696 5859 ·
