4328 6418
548 410 821 470 crumulo.
865 412 922 467 nr
958 410 1172 472 oruurous
1207 413 1424 471 runuxcra.
1631 450 1638 455 -
1803 412 1853 469 ιιι
1909 374 1917 390 ’

126 569 161 610 ιιι
171 562 276 625 pignora
285 572 388 621 quoque
398 555 548 619 specialiter
558 556 635 604 dedit.
665 556 695 603 ln
705 569 763 604 eum
774 567 859 604 casura
870 553 965 616 pigno·
1054 558 1098 604 Ν.
1116 557 1135 605 1
1137 558 1174 605 de
1181 571 1206 604 ss
1225 557 1291 606 libro
1301 558 1434 621 ιιιςιιιιι·
1443 557 1474 606 dc
1483 556 1571 619 officio
1582 557 1721 606 ιιιναιιιιι
1730 558 1854 617 ιιιριιιι.

126 645 151 679 ra
162 632 278 677 sidentur
288 630 356 689 data,
367 640 418 685 quo
429 629 501 673 recte
511 626 676 686 convenitur,
699 624 820 672 videlicet
830 626 966 683 postquam
1002 636 1060 671 cae.
1095 624 1241 672 Ambitiosa
1251 626 1355 673 decreta
1365 625 1541 674 Decurionnm
1551 625 1663 674 rescindi
1676 625 1771 673 debent
1777 625 1854 682 ,sire

124 711 161 746 res
172 700 201 745 sb
211 708 243 745 eo
253 695 352 743 serrari
364 707 418 740 non
428 692 555 753 potuerit,
566 707 613 751 pro
624 705 676 750 quo
687 690 847 739 intercessit.
1003 691 1116 748 aliquem
1127 693 1271 740 debitorem
1283 693 1439 756 dimiserint,
1450 694 1506 740 slva
1517 693 1606 753 largiti
1618 693 1681 739 sint.
1716 695 1740 752 ι.
1754 696 1777 739 ι.
1789 693 1854 743 l'ra.

170 766 209 812 ιιι.
231 764 256 810 V
259 764 359 809 aiens
379 762 448 808 libro
468 760 507 805 ΙΙ.
527 758 798 808 fideicommissorum.
843 758 966 816 Legatsm
1003 757 1063 805 lude
1074 760 1115 818 (ut
1126 759 1288 818 solent)aire
1299 760 1510 820 decreverint,de
1522 760 1626 819 publico
1638 760 1717 806 alicui
1729 759 1853 821 relprae.

125 830 258 890 municipio
268 828 404 889 pecuniam
415 827 442 875 in
454 826 531 873 allam
543 839 594 875 rem
602 860 610 884 ,
631 822 706 884 qua‘sn
717 827 854 873 defunctus
872 823 967 881 soluit,
1003 825 1055 879 dia,
1068 827 1108 873 rel
1119 828 1205 888 acdes,
1227 826 1269 873 rel
1280 830 1376 874 certam
1387 827 1557 887 quantitatem
1569 828 1706 887 praestari,
1728 827 1795 873 ιιὶιιιι
1808 840 1854 874 ra.

124 901 271 947 convertere
281 896 348 943 citra
358 894 484 954 principis
495 893 677 940 auctoritatem
695 893 841 951 nonlicet:
861 894 887 937 et
907 890 967 937 ideo
1002 891 1376 941 lebitbuiussnodidecreturn.
1413 895 1436 954 ι.
1448 898 1473 940 2.
1493 894 1544 941 Sed
1555 900 1582 941 et
1592 895 1614 940 si
1632 893 1753 940 salarium
1773 892 1852 941 alicui

124 966 175 1013 sire
188 977 262 1012 unum
275 975 337 1023 opus
347 962 405 1010 tlerl
416 961 503 1021 lussit,
515 960 584 1020 quod
594 960 726 1007 Falcidiae
738 959 803 1019 legis
814 960 966 1006 interuentu
1002 958 1164 1008 Decurioues
1177 959 1360 1021 decreverint,
1381 960 1511 1008 decretum
1523 961 1550 1007 ld
1565 972 1751 1020 nonnunqum
1770 961 1853 1007 ullius

123 1032 176 1081 tleri
188 1045 238 1079 non
249 1033 344 1092 potest,
364 1027 524 1089 permittitur
534 1041 666 1087 suminam,
687 1042 752 1085 quae
763 1041 794 1074 eo
806 1027 911 1074 numine
923 1026 967 1072 de·
1002 1027 1052 1072 crit
1064 1029 1196 1090 momenti,
1210 1029 1302 1087 utputa
1313 1027 1335 1074 sl
1347 1027 1379 1073 ob
1390 1027 1525 1076 liberalem
1536 1031 1617 1075 artem
1630 1027 1710 1075 tuerit
1723 1030 1852 1074 constitu-

123 1101 201 1163 betur,
221 1099 250 1144 iu
261 1098 301 1158 id,
320 1096 388 1162 quod
401 1096 512 1142 maxime
524 1095 696 1142 necessarium
710 1095 868 1153 reipublicae
881 1093 968 1139 rides·
1003 1096 1066 1155 tum,
1088 1094 1128 1140 rel
1139 1096 1172 1143 ob
1183 1093 1353 1156 medicinam
1372 1096 1404 1142 ob
1415 1095 1461 1141 lsss
1472 1094 1541 1142 enisu
1552 1108 1641 1143 causas
1651 1096 1714 1144 licct
1724 1095 1852 1143 constitui

123 1172 171 1230 tur,
181 1170 347 1225 convertere,
368 1163 424 1208 sire
436 1162 524 1221 plures
537 1162 687 1209 cummaclo
701 1162 776 1221 plura
787 1176 866 1221 opers
877 1161 967 1219 legau-
1002 1161 1106 1208 salaria.

123 1238 179 1296 tur,
199 1237 226 1280 et
244 1231 313 1291 legis
332 1229 465 1277 Falcidiae
485 1229 635 1278 interventu
657 1229 698 1293 ld,
722 1229 791 1289 quod
812 1228 969 1288 relinquitur
1052 1230 1082 1273 ι’.
1103 1230 1340 1278 catttsrrasss
1364 1229 1431 1277 illru
1451 1229 1493 1276 11.
1504 1229 1536 1275 de
1548 1229 1742 1291 cugniuontlas.
1778 1228 1853 1285 Quod

123 1301 232 1348 omniun:
244 1296 545 1358 operumexstructioni,
566 1310 619 1343 non
630 1295 737 1358 audiclt,
758 1296 918 1355 permittitur
940 1296 968 1340 ιιι
1003 1296 1082 1340 scrirel
1094 1299 1157 1344 ordo
1169 1297 1298 1356 decrerit,
1318 1309 1371 1343 non
1383 1300 1506 1355 oportere
1523 1296 1549 1344 id
1568 1296 1694 1358 rescindi,
1716 1297 1790 1344 dirus
1801 1298 1853 1345 lia·

123 1362 676 1426 uuumopus,quodciritasveiit,erogarl.
706 1363 757 1410 Sed
768 1362 912 1421 ‘municipio
924 1375 967 1419 pe·
1004 1362 1507 1426 drlauusNicomedenslbusrescripsit,
1528 1362 1625 1412 nisiex
1638 1376 1722 1423 causa,
1743 1365 1854 1412 idestsi

123 1435 221 1483 cuniam
233 1435 360 1493 legatam,
381 1436 410 1476 ut
422 1446 455 1479 ex
467 1430 553 1479 reditu
565 1431 622 1478 elus
634 1430 739 1476 uenatio
756 1433 801 1475 aut
821 1429 969 1489 spectacula
1004 1429 1035 1474 sd
1047 1430 1175 1487 publicani
1187 1431 1326 1476 utilitatem
1338 1431 1461 1490 respiciat
1471 1430 1594 1479 tertinulo
1603 1430 1700 1490 prioris
1712 1431 1819 1479 decreti.

123 1502 240 1565 edantur,
249 1504 355 1557 serratus
367 1498 394 1544 in
405 1512 448 1545 eas
460 1510 550 1544 causas
559 1498 664 1555 erogari
677 1495 768 1556 vetuit,
781 1502 807 1542 et
819 1497 926 1555 pecnnia
936 1508 968 1541 eu
1055 1496 1095 1540 i'l.
1115 1498 1285 1544 Scaevoia
1303 1496 1372 1544 libro
1383 1499 1406 1544 Ι.
1417 1499 1592 1558 Digestorum.
1626 1498 1777 1557 municipali
1794 1501 1852 1559 lege

122 1570 206 1629 legata
217 1568 244 1615 lu
257 1568 298 1628 id,
309 1566 375 1625 quod
388 1565 498 1612 manime
509 1564 681 1611 necessarlum
694 1562 866 1620 municipibus
880 1560 967 1607 ridea—
1004 1560 1041 1606 its
1051 1567 1154 1609 cautum
1164 1567 1221 1609 erat
1229 1576 1235 1609 :
1243 1558 1305 1613 'Eris
1313 1577 1353 1616 ιις
1363 1561 1607 1628 ιξιιιοῦσυιιιιριοιι
1615 1559 1814 1624 δαάσηιαι,τοῦ
1823 1582 1850 1613 ca

123 1642 173 1699 tur,
183 1636 296 1684 conterri
308 1631 476 1692 permittitur,
488 1634 517 1677 ut
528 1630 557 1676 in
567 1645 599 1677 eo
610 1629 787 1678 munificentia
797 1629 863 1693 eius,
875 1628 918 1686 qui
929 1627 968 1674 le·
1004 1624 1139 1691 συνεδρίου
1149 1628 1289 1691 ιιρχέιθω,
1308 1627 1352 1674 sei
1362 1623 1572 1694 upocanorsrr'rru
1588 1626 1708 1693 δραχμὰς
1721 1630 1806 1690 χιλίας
1816 1633 1849 1691 ⁸).

121 1696 200 1763 gavit,
212 1699 382 1760 inscriptione
393 1702 510 1745 notetur.
1004 1694 1156 1746 Quaesitum
1168 1699 1219 1742 est:
1238 1707 1271 1740 an
1283 1708 1391 1754 poenam
1401 1696 1532 1744 sustlusre
1543 1696 1650 1759 debeat,
1670 1698 1712 1756 qni
1725 1700 1849 1758 ignorans

169 1772 198 1815 v.
217 1765 428 1815 Pautaslidrn
439 1764 462 1810 1.
474 1764 677 1811 Sententiarum.
712 1760 968 1823 Decurionespretio
1004 1762 1127 1807 adversus
1146 1762 1274 1809 decretum
1295 1762 1377 1810 taciti
1409 1762 1567 1824 Respondit:
1586 1762 1733 1814 huiuamodi
1754 1778 1851 1827 poenas

122 1835 213 1884 slllore
224 1836 397 1895 trumentum,
416 1833 484 1890 qnod
495 1845 616 1881 annonae
626 1830 776 1890 temporalis
794 1836 833 1878 est
840 1864 848 1892 ,
869 1829 969 1889 patriae
1003 1829 1128 1877 adsersus
1137 1829 1250 1877 scientes
1260 1835 1365 1889 paratas
1376 1843 1442 1879 esse.

119 1915 180 1951 suae
191 1906 325 1963 praestare
337 1914 389 1945 nsrn
402 1903 462 1946 sunt
479 1898 598 1959 cogendi.
632 1899 656 1958 d.
672 1900 694 1944 l.
715 1897 772 1944 Nisi
789 1897 821 1944 ad
839 1909 903 1956 opus
921 1909 969 1942 no-

119 1985 177 2018 rum
189 1969 299 2031 pecunia
309 1967 460 2027 specialiter
470 1968 557 2026 legata
568 1966 616 2024 sit,
629 1969 719 2039 vetera
728 1979 762 2012 cx
773 1964 821 2012 lrac
831 1963 971 2011 reticienda
1175 2012 1227 2060 DE
1254 2012 1330 2060 opp
1338 1929 1572 2063 ἶῶἲδξυω
1588 2017 1670 2063 lm
1779 2026 1782 2033 ,

121 2042 210 2163 will.
231 2104 406 2164 Ulpianus
425 2100 493 2148 libro
504 2100 526 2147 1.
538 2101 576 2147 ad
584 2101 694 2148 edictam
705 2099 854 2147 Praetoris.
885 2097 968 2158 Magi·
1054 2097 1074 2143 ι.
1095 2096 1138 2144 Ul
1141 2100 1267 2157 planus
1289 2097 1355 2144 libro
1366 2098 1405 2145 11.
1417 2098 1581 2159 Opinionem.
1617 2099 1729 2147 durator
1745 2111 1851 2158 opernm

119 2178 218 2222 stratus
229 2169 389 2230 reipublicae
399 2182 453 2215 non
465 2170 553 2215 dolam
563 2166 732 2229 solummodo,
740 2167 783 2214 scd
795 2172 822 2213 et
832 2166 913 2212 latam
923 2178 968 2212 ne.
1003 2168 1117 2227 creatus,
1137 2164 1344 2225 praescriptione
1355 2170 1439 2212 motus
1452 2168 1483 2212 ab
1494 2167 1665 2215 excusatione
1686 2167 1850 2231 pertetenda,

118 2240 280 2302 gligerrtinm,
292 2241 318 2285 et
328 2238 376 2283 boa
387 2236 497 2295 amplius
509 2235 586 2283 etlam
598 2234 759 2294 diligentiam
771 2233 873 2281 debent.
1003 2231 1079 2279 sicuti
1092 2233 1245 2278 cessationis
1257 2233 1376 2293 nomine,
1396 2233 1423 2279 ln
1435 2246 1484 2291 qua
1494 2234 1577 2291 quoad
1590 2234 1659 2280 sirit
1668 2238 1785 2281 moratus
1803 2239 1851 2297 est,

168 2309 224 2353 vu.
243 2303 451 2352 Paulastidro
464 2305 485 2349 1.
497 2302 651 2349 antedictam
663 2301 809 2349 Praetoris.
843 2298 968 2347 sintina.
1003 2299 1109 2346 lrcredes
1120 2312 1181 2345 snos
1193 2300 1475 2362 obligntosrellnquit,
1497 2299 1534 2347 lta
1545 2300 1685 2361 temporis,
1707 2302 1776 2360 quod
1792 2309 1852 2361 post

119 2374 232 2423 tamllias
243 2372 349 2419 rolente
361 2376 434 2429 patre
446 2369 621 2429 magistratum
633 2370 759 2428 gesserit,
781 2367 898 2414 lulianus
910 2367 967 2414 eri·
1004 2370 1110 2413 mortem
1123 2366 1178 2412 eius
1189 2370 1276 2425 cessit,
1288 2369 1361 2414 nullo
1372 2380 1452 2415 onere
1462 2380 1508 2415 eos
1518 2369 1671 2416 obstrinxit.
1692 2370 1716 2428 ς.
1725 2370 1748 2416 ι.
1759 2369 1852 2417 curan

117 2441 244 2503 stimarit,
256 2441 284 2487 iu
295 2438 408 2485 solidum
418 2442 518 2497 patrem
530 2436 614 2484 teneri
625 2437 652 2483 in
664 2436 689 2484 ld
696 2471 705 2495 ,
715 2437 783 2496 quod
794 2437 851 2483 eius
862 2435 968 2482 nomine
1003 2434 1090 2493 operis
1101 2433 1274 2490 aquaeductus
1284 2435 1312 2481 iu
1323 2434 1376 2481 allo
1386 2435 1440 2482 iam
1453 2448 1560 2483 munera
1580 2437 1740 2484 constitutus
1760 2440 1852 2495 postea

115 2509 278 2569 reipublicae
288 2509 400 2554 abesset.
1003 2507 1161 2559 susceperat.
1195 2501 1367 2562 i’racpostcre
1379 2503 1451 2548 visus
1460 2505 1500 2549 est
1511 2508 1600 2563 petere
1610 2502 1752 2552 exonerari
1762 2503 1852 2563 prlura

169 2576 241 2622 thl.
258 2573 468 2624 Modestinus
485 2572 555 2619 ildro
574 2570 656 2619 Vm.
667 2571 834 2633 Regularum.
865 2568 968 2617 calculi
1004 2581 1116 2629 munere,
1129 2567 1246 2628 utrisque
1257 2570 1307 2616 iarn
1319 2567 1617 2632 implicitus,quaudo,sl
1627 2571 1739 2619 alterum
1750 2574 1850 2618 tantun

115 2643 218 2694 erroris
230 2639 381 2690 retractatio
392 2639 469 2686 etlam
481 2644 540 2698 post
551 2638 668 2686 decennii
680 2645 725 2686 aut
738 2638 851 2686 vicennii
869 2642 967 2696 ternpo-
1003 2635 1132 2683 sustinere
1143 2649 1200 2682 eum
1208 2637 1376 2696 oportuisset,
1382 2636 1611 2696 anteprobabilina
1619 2637 1782 2697 impetrasset
1790 2651 1852 2699 pro·

115 2726 147 2761 ιι
156 2710 319 2758 admittetur.
355 2709 378 2766 p.
392 2708 415 2754 1.
437 2707 488 2753 Sed
499 2706 521 2752 sl
535 2706 653 2766 gratiose
671 2712 818 2765 expunctae
839 2705 968 2766 dicentur,
1001 2706 1060 2763 pter
1069 2702 1141 2761 prius
1153 2714 1245 2749 munus
1255 2717 1270 2750 a
1280 2706 1402 2763 aequente
1415 2704 1618 2752 excusationem.

116 2792 171 2827 nou
182 2776 400 2826 retractabuntur.
1053 2771 1087 2815 tl.
1104 2769 1122 2815 1
1125 2770 1142 2815 ri
1147 2784 1191 2816 een
1208 2771 1277 2817 libro
1288 2770 1344 2818 111.
1358 2768 1520 2829 Opinionem.
1553 2772 1604 2829 Qui
1617 2770 1785 2832 liberalitate,
1797 2785 1849 2820 non

167 2846 214 2893 tx.
233 2845 398 2904 Papirius
417 2841 536 2888 Iustus
556 2840 624 2887 libro
636 2840 676 2887 11.
688 2841 719 2887 de
731 2839 966 2888 constitutionibus.
1003 2837 1160 2884 necessitate
1172 2836 1252 2884 debiti
1263 2834 1363 2884 reditus
1377 2848 1439 2884 suos
1456 2837 1562 2885 interim
1583 2839 1614 2885 ad
1635 2852 1716 2898 opera
1735 2839 1850 2887 finienda

114 2914 292 2973 imperatores
303 2908 452 2956 Antoninus
466 2908 495 2954 et
506 2909 587 2955 Verus
607 2907 813 2967 rescripserunt:
830 2905 967 2966 pecuniae,
1002 2904 1144 2965 concernit,
1166 2904 1356 2952 munificentiae
1367 2916 1429 2951 suae
1441 2905 1551 2952 tructum
1570 2906 1601 2952 de
1614 2906 1786 2964 inscriptione
1802 2920 1851 2954 no-

115 2994 183 3041 quae
194 2978 261 3038 apud
269 2980 405 3024 curatores
416 2974 549 3037 remensis,
558 2988 652 3021 usuras
664 2973 816 3034 exigendas,
825 2975 883 3020 eiua
895 2984 966 3033 reru,
1002 2971 1080 3017 miuis
1091 2972 1131 3017 sni
1143 2972 1273 3033 operibus,
1285 2972 1307 3018 sl
1318 2983 1368 3029 qus
1379 2971 1484 3033 lecerit,
1498 2984 1592 3031 capere
1604 2986 1650 3031 per
1660 2972 1786 3020 invidiam
1798 2982 1851 3021 non

114 3061 183 3107 quse
194 3059 210 3092 ι
219 3043 409 3092 rede-tutoribus
420 3055 525 3100 operum
534 3041 607 3100 exigi
619 3056 672 3088 uon
684 3048 786 3102 potest,
806 3041 885 3086 sortii
900 3039 966 3085 duu-
1002 3038 1164 3097 prohibetur.
1199 3041 1225 3099 d.
1236 3042 1257 3086 ι.
1269 3040 1408 3085 Curatores
1420 3051 1526 3098 operum
1537 3053 1594 3087 cum
1605 3039 1793 3087 redemtnrlbus
1807 3055 1853 3089 ne·

113 3116 192 3162 taxat
202 3111 344 3173 periculum
356 3111 386 3156 ad
398 3114 531 3157 curatores
543 3109 683 3167 pertinere.
721 3111 744 3170 ι.
758 3114 780 3157 ι.
799 3110 862 3154 ltem
875 3104 967 3153 rescri-
1002 3105 1101 3163 gotium
1113 3106 1221 3163 babent,
1243 3104 1387 3165 respublica
1398 3113 1484 3154 sutem
1493 3118 1547 3152 cum
1561 3106 1614 3167 tris,
1636 3118 1700 3165 quos
1716 3108 1851 3155 alliciendo

114 3185 240 3242 pserunt:
260 3191 366 3238 operum
383 3175 526 3235 periculum
542 3176 620 3223 etlam
640 3178 671 3224 ad
691 3175 799 3224 heredes
820 3178 966 3221 curatorum
1004 3172 1076 3230 operi
1087 3173 1252 3232 praestituit:
1269 3176 1396 3233 quatenus
1409 3184 1481 3233 argo,
1494 3173 1597 3232 etquis,
1616 3176 1644 3221 et
1655 3172 1851 3222 culobstrictur

112 3248 260 3309 pertinere.
293 3246 318 3304 ι.
332 3247 356 3291 2.
367 3246 431 3291 item
443 3244 647 3303 rescripserunt:
663 3257 742 3303 agros
753 3241 913 3301 reipublicae
923 3254 968 3286 re-
1002 3240 1046 3299 sit,
1057 3240 1204 3287 aestimatio
1214 3237 1344 3287 l’raerldls
1355 3240 1507 3299 provinciae
1517 3245 1566 3287 cst.
1600 3240 1663 3298 Μ.
1683 3241 1851 3291 Neelusuo·

113 3316 222 3363 trahere
234 3316 381 3360 curatorem
394 3309 509 3357 ciuitatis
520 3310 628 3371 debere,
647 3311 710 3358 licet
721 3312 814 3357 abous
824 3309 874 3355 tide
885 3310 966 3355 emto·
1002 3305 1079 3363 nrine,
1089 3306 1164 3354 cuius
1174 3307 1334 3354 liberalitate
1345 3320 1409 3367 opus
1421 3312 1582 3355 exstructum
1595 3310 1644 3368 est,
1655 3318 1730 3355 ersso
1740 3306 1852 3357 aliorum

113 3383 190 3431 ribus
201 3378 398 3441 possideantur,
409 3390 485 3437 quum
496 3378 598 3436 possint
607 3376 639 3424 ad
650 3384 767 3425 auctores
778 3390 838 3423 runs
849 3388 966 3422 recurre-
1000 3374 1107 3419 stamina
1116 3374 1302 3437 inscribantur,
1323 3379 1349 3421 et
1361 3378 1497 3434 propterea
1516 3379 1673 3422 revocentur
1693 3376 1791 3423 similes
1812 3378 1852 3424 ei·

111 3465 153 3499 re.
191 3448 216 3505 ι.
227 3450 251 3494 d.
273 3447 446 3505 imperatores
457 3444 607 3491 Antoninus
624 3450 651 3491 et
661 3447 742 3491 Verus
762 3443 965 3501 rescripserunt:
1002 3441 1072 3487 sium
1083 3441 1110 3487 in
1121 3441 1231 3501 patriam
1241 3441 1430 3506 liberalitates,
1448 3442 1556 3490 l’rseses
1564 3441 1717 3503 prouinciae
1735 3445 1852 3492 auctori·

110 3529 225 3578 operum
236 3513 400 3560 exactionem
411 3509 469 3557 sine
479 3512 602 3559 cautione
619 3525 672 3559 non
689 3516 809 3572 oportere
829 3508 963 3555 committi.
1001 3512 1079 3555 tatem
1089 3521 1158 3555 suam
1169 3508 1328 3567 interponat.

110 3588 138 3647 ς.
146 3586 172 3630 ι.
187 3584 250 3629 item
260 3580 461 3639 rescripserunt:
472 3584 615 3637 curatores,
623 3581 645 3627 st
658 3580 822 3639 negligenter
834 3577 860 3623 in
872 3575 966 3624 distrs-
1048 3576 1099 3621 ιιι.
1114 3576 1229 3624 Macer
1239 3577 1306 3622 libro
1317 3574 1356 3645 il.
1367 3577 1398 3624 ds
1408 3575 1495 3637 efficio
1508 3575 1650 3623 Praesidis.
1667 3577 1741 3636 upus
1753 3590 1851 3627 norum

110 3650 210 3700 luendis
220 3647 297 3694 bonis
307 3661 334 3695 se
344 3646 488 3708 gesserint,
509 3646 537 3694 iu
549 3646 668 3706 simplum
679 3646 779 3708 teneri,
797 3645 821 3691 sl
832 3657 879 3703 per
894 3645 966 3690 trau·
1001 3641 1103 3702 prlrato
1114 3644 1192 3690 ctiam
1204 3643 1262 3692 sine
1271 3643 1566 3703 principlsauetoritate
1578 3645 1661 3691 lacere
1670 3644 1736 3692 lieet
1743 3676 1752 3702 ,
1776 3657 1851 3706 prse-

111 3721 185 3775 dem,
197 3717 223 3763 ln
235 3714 349 3775 duplum,
360 3728 408 3762 nec
419 3713 450 3760 ad
461 3714 570 3762 heredes
579 3726 669 3761 eorum
681 3726 789 3773 poenam
801 3712 965 3759 descendere.
999 3716 1116 3766 teruuam
1127 3710 1148 3757 sl
1160 3712 1193 3758 ad
1204 3710 1403 3760 aemulationem
1415 3709 1799 3771 alteriusclsitatispertineat,
1808 3714 1851 3761 rel
1942 3764 1949 3783 ι

110 3788 137 3847 ς.
152 3788 177 3831 ι.
194 3786 258 3830 item
269 3782 473 3841 rescripserunt:
484 3781 617 3840 pecuniam
629 3782 658 3827 ad
670 3793 800 3827 annonam
811 3778 966 3826 destinatam
1002 3778 1135 3824 materiam
1146 3778 1284 3825 seditionis
1294 3781 1428 3839 praebeat,
1439 3778 1483 3824 rel
1493 3778 1592 3825 circum
1603 3778 1731 3826 tlreatruns
1740 3780 1785 3827 rel
1796 3792 1850 3829 am·

108 3850 251 3901 distractis
262 3852 340 3897 rebus
351 3852 498 3896 curatorem
509 3848 615 3909 exigere
626 3849 727 3896 debere.
761 3848 787 3906 ι.
800 3851 822 3892 ti·
841 3847 907 3892 item
922 3859 966 3891 re·
1001 3843 1175 3903 pbitlrcatrusn
1189 3844 1232 3892 ιιι.
1249 3848 1276 3905 ἦ.
1289 3848 1310 3892 Ι.
1321 3846 1427 3892 Publico
1440 3858 1501 3892 rcro
1512 3849 1597 3892 sumtu
1607 3858 1675 3904 npus
1685 3860 1781 3894 norum
1793 3848 1851 3896 sine

109 3918 296 3978 scripserunt:
316 3915 416 3962 sitouas
424 3916 561 3963 indemnes
571 3930 629 3963 csse
640 3920 769 3977 oportere,
787 3913 832 3973 qni
854 3924 907 3959 non
924 3923 966 3958 se·
999 3910 1128 3971 principis
1137 3913 1297 3960 auctoritate
1307 3912 1363 3960 deri
1376 3926 1428 3960 non
1440 3912 1529 3974 licere,
1550 3912 1783 3961 constitutionibus
1805 3916 1852 3963 de·

108 3987 205 4048 gnlter
214 3983 300 4031 utllcio
311 3995 359 4030 suo
370 3983 453 4029 turrctl
464 3988 559 4045 essent,
568 3984 707 4032 secundum
718 3982 821 4029 litteras
831 3978 966 4027 lindriaci.
1000 3979 1123 4026 claratur.
1139 3979 1163 4038 ι.
1171 3984 1196 4026 2.
1208 3980 1316 4026 inscribi
1328 3984 1414 4028 autern
1425 3992 1519 4027 nomen
1530 3979 1603 4039 operi
1616 3980 1721 4039 publico
1731 3981 1851 4040 alterius,

107 4058 136 4114 9.
150 4057 179 4099 7.
192 4054 254 4099 item
265 4050 471 4108 rescripserunt:
493 4063 509 4097 a
520 4056 639 4099 curatore
650 4048 800 4098 Kalendarii
815 4046 966 4095 cautionem
1000 4059 1075 4104 qnam
1086 4046 1221 4109 principis,
1232 4051 1278 4095 aut
1287 4047 1353 4105 elus,
1376 4047 1451 4095 euius
1460 4046 1574 4107 pecunia
1585 4048 1611 4094 id
1622 4059 1687 4106 opus
1698 4048 1795 4096 tactum
1805 4049 1851 4113 sit,

107 4120 190 4180 exigi
203 4132 256 4165 nnn
268 4117 374 4178 debere,
395 4130 473 4173 quum
484 4130 500 4164 a
510 4118 631 4166 Praeside
642 4133 675 4165 ex
691 4115 864 4178 inquisitione
880 4113 966 4170 eiiga-
1002 4113 1138 4161 nonlicet.

108 4180 167 4235 trir-
203 4186 264 4245 Μ.
286 4186 350 4231 item
366 4183 574 4243 rescripserunt:
595 4188 738 4234 curatorem
759 4184 837 4230 etlam
859 4180 965 4226 nomine
1050 4182 1094 4227 xv.
1113 4180 1323 4229 Modestinus
1341 4179 1682 4230 tidrsX1.Parrdeetarass.
1709 4181 1852 4231 Nacl’rae.

106 4254 236 4311 collegae
254 4252 348 4306 teneri,
369 4252 391 4297 sl
410 4250 571 4300 interrenire
587 4257 613 4299 et
635 4252 772 4312 probibere
792 4262 849 4296 eum
869 4246 964 4306 potuit.
1001 4246 1065 4293 aldis
1082 4247 1182 4306 quidem
1195 4247 1600 4309 nomeulieebitsuperscribere,

104 4325 132 4384 ς.
141 4326 170 4369 u.
180 4319 453 4377 ltcmrescrlpseruut:
465 4319 678 4379 nominum,quae
689 4318 821 4366 deteriora
828 4316 895 4361 lacta
904 4318 966 4360 suut
1051 4315 1081 4359 tl.
1103 4314 1127 4361 U
1135 4315 1147 4360 1
1152 4316 1189 4375 pl
1193 4332 1210 4362 a
1218 4328 1276 4362 nus
1293 4315 1360 4361 libro
1370 4314 1501 4376 ungulari
1507 4315 1540 4361 de
1549 4312 1635 4373 officio
1647 4317 1787 4364 Garatoni
1797 4316 1850 4363 rei·

105 4395 234 4446 tempore
245 4386 397 4446 curationis,
405 4384 547 4445 perieulum
559 4385 591 4432 sd
603 4387 685 4445 ipsum
694 4384 840 4446 pertinere:
851 4394 913 4440 quse
922 4394 965 4428 re·
999 4381 1130 4441 publicae.
1148 4381 1178 4428 Sl
1189 4382 1304 4442 legatum
1316 4381 1357 4428 vel
1367 4381 1591 4429 fideicommissum
1602 4382 1680 4430 tuerit
1691 4383 1723 4430 ad
1734 4395 1798 4443 opus
1809 4395 1851 4430 re·

103 4471 140 4508 ro
153 4459 226 4516 ante,
239 4468 313 4513 quarn
325 4458 430 4501 curator
439 4451 523 4513 tieret,
535 4453 630 4501 idonea
640 4468 693 4501 non
705 4454 793 4511 erant,
805 4463 914 4509 aequum
927 4448 965 4495 ri·
1001 4448 1106 4508 lictum,
1128 4462 1219 4496 usurae
1228 4454 1331 4510 quaest
1342 4450 1443 4506 quaudo
1459 4448 1589 4508 incipiant
1603 4449 1705 4509 deberi,
1724 4449 1851 4509 rescripto

105 4523 182 4582 deri,
193 4521 335 4581 periculum
346 4521 377 4566 ad
388 4534 447 4571 eum
458 4534 511 4566 nou
522 4521 663 4579 pertinere.
699 4522 723 4580 §-
738 4521 776 4566 ιιι.
793 4519 965 4576 imperatores
1002 4515 1054 4561 diri
1067 4516 1106 4562 l’ii
1119 4517 1156 4563 ita
1166 4518 1331 4565 continetur:
1351 4516 1382 4563 ss·
1390 4517 1490 4579 galders
1499 4515 1615 4564 dissaert
1625 4519 1659 4565 ιιι
1675 4517 1710 4563 ιι
1724 4516 1784 4573 ιιι,
1806 4518 1855 4579 pal

104 4590 266 4640 Antoninus
277 4589 397 4635 etvetus
408 4587 610 4647 rescripserunt:
630 4601 701 4647 eum,
721 4584 763 4644 qul
775 4583 907 4644 pecuniam
919 4597 966 4643 pu·
992 4590 1106 4630 statuas
1117 4585 1158 4631 vet
1166 4586 1292 4644 irrrnginss
1305 4585 1442 4644 ponendas
1452 4585 1619 4648 legaverant,
1636 4580 1812 4645 prafiuitas,
1832 4598 1851 4630 a

104 4658 209 4707 blicam
221 4653 386 4714 magistratus
396 4655 437 4701 sul
450 4658 575 4714 tempore,
586 4656 682 4714 etpost
693 4666 744 4699 uon
756 4664 837 4712 pauco
849 4656 965 4709 tempore
1003 4650 1128 4697 Praeside
1138 4653 1295 4711 prouinciae
1305 4658 1404 4711 tempas
1414 4653 1579 4699 statuendus
1589 4657 1636 4711 est,
1654 4657 1680 4697 et
1690 4652 1743 4699 atss'
1756 4663 1851 4711 posue-

104 4722 275 4777 detlnnerst,
287 4734 376 4769 usuras
388 4722 467 4770 etlam
477 4727 608 4781 praestare
619 4723 721 4779 debere,
732 4718 784 4767 nial
795 4718 817 4766 si
828 4718 889 4777 quid
900 4719 965 4767 alle·
1001 4720 1056 4764 rint
1065 4717 1181 4781 heredes,
1193 4732 1288 4766 scaras
1298 4719 1410 4768 leniores
1419 4723 1492 4767 intra
1504 4734 1552 4768 scr
1562 4732 1666 4777 meuses,
1679 4720 1703 4765 si
1710 4720 1800 4781 astans,
1811 4731 1851 4765 se-

104 4803 182 4854 gare
193 4788 283 4849 possit,
296 4800 346 4846 qua
355 4802 390 4837 ex
401 4802 476 4836 causa
487 4790 588 4836 tardius
599 4789 737 4837 intulisset
1001 4787 1091 4832 rnisses
1101 4799 1198 4833 usuras
1208 4786 1367 4845 reipublicae
1374 4788 1499 4846 pendens.
1535 4787 1568 4834 δι’
1576 4799 1638 4833 cero
1650 4785 1705 4833 drea
1715 4784 1792 4833 dutus
1802 4791 1851 4840 est,

437 4887 530 4949 ur
560 4888 623 4948 ιι.
1000 4853 1851 4979 uu::interluuntcccccccccc

76 4991 86 5002 ”
124 4972 186 5022 ΒΕ
214 4972 422 5020 ”Ecum
448 4974 497 5022 ΑΒ
525 4973 681 5021 ⁰RD¹NE
705 4970 940 5020 mmmm·
1001 4989 1305 5047 sesprots'nuspersdast.
1339 4988 1399 5048 §.L
1420 4984 1850 5046 Finespubiicosspris'stisdetl-

166 5059 188 5104 1.
209 5057 377 5118 Ulpianus
396 5057 463 5104 libro
476 5056 528 5104 m.
542 5057 703 5118 Opinionem.
726 5055 885 5105 Medicorum
897 5053 967 5102 intra
1003 5056 1059 5102 neri
1069 5069 1124 5101 nun
1136 5058 1249 5114 oportet.
1272 5053 1382 5103 (iurabit
1391 5054 1473 5114 igitur
1483 5055 1592 5102 Praeses
1602 5051 1760 5115 prouinciae,
1771 5053 1793 5099 sl
1805 5052 1850 5110 qui

103 5136 250 5175 numerum
262 5122 425 5184 praefinitum
436 5125 675 5173 constituendorum
685 5124 820 5173 arbitrum
828 5122 966 5171 nonPrae-
1003 5122 1100 5181 publici
1111 5126 1181 5183 suut,
1192 5136 1207 5170 s
1218 5121 1327 5182 privatis
1338 5134 1469 5180 separare,
1489 5127 1516 5168 et
1526 5121 1644 5179 publicos
1654 5120 1739 5180 potius
1750 5121 1850 5167 reditus

102 5193 165 5243 aidi
178 5191 329 5251 prouinciae
340 5192 502 5239 commissura
514 5196 563 5254 est,
583 5194 626 5239 sed
639 5191 724 5239 ordini
734 5195 763 5239 et
773 5184 967 5251 possessoribus
1002 5204 1111 5250 sugere:
1122 5190 1144 5237 si
1155 5203 1206 5247 qus
1214 5192 1274 5237 locs
1285 5188 1387 5249 publica
1399 5189 1440 5235 rel
1448 5187 1568 5235 aedilicia
1578 5189 1605 5235 in
1617 5200 1677 5234 usus
1688 5189 1851 5246 privaturum

102 5261 242 5317 cuiusque
253 5259 385 5321 civitatis,
407 5262 434 5305 ut
446 5261 510 5308 certi
521 5262 552 5307 de
562 5259 693 5320 probitate
705 5273 804 5307 nsoruax
821 5262 848 5306 et
870 5256 967 5317 peritia
1004 5257 1145 5318 invenerit,
1156 5258 1430 5319 aestimare,utrumne
1442 5255 1596 5304 uindicanda
1607 5256 1634 5302 in
1646 5255 1775 5314 publicum
1787 5254 1850 5314 sint,

102 5326 182 5374 artis
193 5327 291 5386 eligant
302 5326 367 5386 ipsi,
387 5327 480 5384 quibua
490 5339 517 5375 se
527 5327 677 5390 liberosque
687 5340 749 5374 auos
759 5326 788 5374 in
800 5325 966 5386 aegritudine
1000 5339 1037 5372 an
1048 5324 1161 5384 vectigal
1172 5326 1210 5372 eis
1221 5325 1303 5372 satius
1314 5324 1348 5370 sit
1359 5323 1467 5386 imponi,
1486 5327 1513 5370 et
1529 5323 1570 5389 ld,
1592 5324 1659 5384 quod
1681 5323 1774 5369 utilius
1795 5332 1851 5367 esse

103 5406 257 5451 corporum
268 5394 438 5441 committant
1003 5392 1162 5450 reipublicae
1174 5392 1347 5450 intellexerit,
1360 5390 1442 5448 sequi.

169 5461 204 5505 lt.
224 5461 429 5510 Marcianas
448 5462 517 5509 libro
536 5462 749 5510 crememus
784 5461 835 5509 illa
854 5460 966 5518 decreta,
1056 5460 1097 5505 ιἸ.
1115 5458 1684 5509 Μοιιιιιιιιιιιινοιιι.Ριιιιιιιιινιιιι.
1716 5453 1853 5513 Deoperl·

103 5538 182 5587 quae
194 5539 248 5572 son
257 5526 376 5585 legitimo
386 5538 495 5577 nusaero
506 5529 683 5579 nseartoasa
694 5533 787 5578 ιιιιιο
806 5530 877 5576 iacta
896 5531 966 5589 sunt,
1003 5528 1058 5588 bas,
1068 5538 1136 5583 quse
1147 5526 1175 5574 ln
1186 5528 1276 5589 muria,
1288 5527 1330 5575 ret
1340 5527 1433 5590 portia,
1444 5527 1485 5573 rel
1499 5528 1573 5575 rebus
1585 5524 1694 5587 publicis
1705 5523 1787 5576 liunt.
1808 5525 1854 5567 ant

102 5606 172 5644 nors
184 5592 283 5640 valent.
389 5594 396 5613 ⁸
1003 5593 1102 5641 rimari
1115 5599 1301 5656 exstruantur,
1321 5595 1396 5641 dirus
1413 5596 1515 5641 Marcus
1535 5592 1685 5652 rescripsit,
1706 5587 1855 5635 Praesident

168 5661 217 5707 ιιι.
239 5660 408 5718 Uipsanas
426 5663 495 5714 d'drs
513 5664 568 5713 111.
580 5666 613 5714 dr
625 5663 862 5727 Appeuasrasttas.
898 5662 968 5721 begs
1003 5662 1103 5709 edituus
1112 5663 1252 5712 consulere
1262 5662 1406 5722 prtaetpen
1416 5663 1519 5710 debere.

100 5730 202 5777 πίω
221 5725 506 5811 ”⁰⁰5⁰3l'⁸¹¹,⁰⁸'⁰¹⁰¹'3
527 5737 554 5780 ¹²¹
575 5734 639 5784 ⁰¹⁶⁰
658 5746 713 5782 ¹¹⁰³
734 5731 813 5781 “¹¹³
833 5730 967 5793 ωθῧωῑί
1059 5752 1081 5804 ἰ
1096 5751 1281 5808 Siquisextrns
1298 5748 1407 5794 :cedrium
1419 5746 1575 5795 iudicaverit.
1594 5742 1725 5788 ordinetur
1742 5741 1855 5801 sbrrerirs's

100 5810 193 5909 11ῑὲῦέ
200 5796 428 5915 ξῖῑὲἲιιιιιῐῑὲῑιιξιιι
444 5800 576 5849 adlrrbrtss.
994 5812 1127 5858 moratur,
1137 5812 1160 5851 et
1168 5808 1222 5852 luat
1230 5807 1264 5851 ad
1303 5820 1328 5851 ec
1337 5804 1542 5912 dmd'ss'ssasmu‘
