4336 6440
365 362 420 420 tat

363 511 391 557 et
401 503 530 555 communi
542 501 682 552 dividundo
694 504 719 549 ct
729 514 776 562 pro
791 502 871 563 socio,
883 500 905 548 ei
917 492 984 549 socii
994 501 1056 563 sint,
1068 500 1165 562 teneri,
1173 496 1205 547 'nt

364 576 480 623 lulianus
492 574 536 620 ait.
574 572 623 617 Sed
635 585 680 617 eur
691 570 848 617 deteriorem
864 570 926 616 facit
938 570 1056 616 lulianus
1074 568 1204 617 conditio-

364 658 422 690 uem
434 642 509 701 socii,
522 640 542 686 si
556 653 612 685 cum
622 638 692 685 socio
704 640 779 701 agat,
799 638 908 695 quamsi
920 652 977 684 cum
987 641 1115 685 extraneo
1127 638 1204 697 egatt

364 724 423 757 rrum
434 709 475 767 qui
491 722 546 753 cum
557 710 683 753 extraneo
694 705 749 763 agit
755 737 763 761 ,
775 706 831 752 sive
843 706 970 764 receperit
984 706 1038 753 sive
1049 703 1204 765 corruperit,

364 792 440 838 agere
452 780 553 834 potest;
574 775 685 832 quicum
698 773 783 834 socio,
805 774 861 820 eine
873 773 1063 836 alternatione,
1085 773 1111 820 id
1126 778 1166 820 est
1181 771 1204 818 ei

353 843 520 901 corruperit.
557 842 613 888 Nisi
626 844 694 889 forte
705 855 757 888 uon
770 841 872 900 putarit
882 842 999 888 lolianus
1009 843 1057 889 hoc
1069 842 1158 888 cadere
1176 841 1203 886 in

363 912 476 970 socium3
498 922 572 957 eremo
585 910 653 956 euim
665 923 739 956 suum
750 909 886 968 receperit.
906 912 956 956 Sed
968 910 991 954 si
1004 909 1105 956 celandi
1116 908 1203 954 anieno

362 979 471 1039 recepit,
483 980 570 1037 potest
581 977 694 1038 defendi,
707 976 792 1024 teneri
802 991 868 1024 cnm.
905 979 927 1037 t.
943 981 964 1024 l.
987 976 1015 1023 Si
1024 977 1055 1030 in
1066 990 1142 1023 servo
1154 989 1203 1035 ego

362 1048 468 1094 trabeam
481 1046 673 1105 usumfructum,
687 1048 714 1091 tu
724 1044 923 1106 proprietatem,
947 1044 970 1091 ei
980 1045 1081 1104 quidem
1092 1058 1107 1090 a
1118 1059 1157 1091 me
1168 1044 1203 1089 sit
1220 1048 1223 1057 '

363 1115 477 1161 deterior
488 1115 586 1174 fectus,
605 1114 703 1173 poteris
716 1127 811 1159 urceum
823 1112 953 1171 experiri;
976 1112 997 1158 si
1009 1126 1072 1159 vero
1085 1116 1112 1158 tu
1123 1112 1149 1159 id
1165 1113 1204 1158 fe-

362 1182 438 1241 ceris,
451 1196 499 1239 ego
512 1196 589 1239 agere
601 1182 659 1227 utili
671 1181 774 1228 actione
786 1194 904 1238 ιιοιιιιιιις
923 1182 954 1226 ad
966 1194 1055 1226 omues
1066 1180 1135 1227 euim
1145 1193 1204 1227 cor·

360 1251 477 1308 ruptelos
489 1250 551 1295 hacc
562 1250 629 1295 aetio
642 1249 763 1308 pertinet,
771 1254 796 1294 et
808 1249 934 1295 interesse
946 1247 1083 1296 fructuarii
1092 1248 1203 1305 vldctur,

362 1320 444 1365 borrae
456 1317 525 1375 frugi
538 1331 638 1364 seruum
650 1330 722 1375 esse,
744 1316 771 1362 iu
784 1331 833 1375 quo
845 1317 1034 1363 usumfructum
1051 1316 1135 1362 habet.
1170 1316 1204 1361 Et

361 1386 384 1432 ei
396 1388 465 1432 forte
476 1386 543 1432 alius
554 1398 611 1431 eum
621 1384 747 1443 receperit
758 1384 800 1430 vel
812 1385 965 1445 corruperit,
986 1384 1058 1430 utilis
1070 1385 1137 1431 aetio
1149 1385 1203 1430 fru-

362 1455 464 1500 ctuario
476 1453 606 1510 competit.
637 1452 660 1508 p.
673 1457 697 1499 2.
718 1453 801 1498 Datur
813 1457 898 1498 notem
908 1451 992 1511 actio,
1014 1451 1104 1508 quanti
1116 1465 1146 1498 ea
1161 1464 1203 1497 res

362 1521 420 1575 erit,
433 1522 490 1567 eius
502 1521 582 1578 dupli.
594 1522 616 1579 p.
627 1522 649 1566 3.
662 1522 711 1566 Sed
724 1519 884 1578 quaestionis
895 1524 947 1566 eet:
961 1519 1105 1566 aestimatio
1116 1524 1204 1565 utrunr

362 1590 418 1637 eius
433 1590 561 1635 duntaxat
572 1588 627 1633 ficri
640 1588 745 1648 delicat,
766 1590 833 1646 quod
845 1600 936 1633 servus
947 1587 975 1633 in
986 1601 1095 1646 corpore
1112 1587 1155 1633 vel
1175 1587 1203 1632 iu

362 1658 448 1703 animo
461 1657 546 1702 drurnui
558 1655 681 1713 senserit,
704 1656 751 1702 hoc
762 1659 801 1700 eet
812 1658 909 1711 quanto
920 1655 999 1701 uilior
1012 1668 1102 1701 servus
1119 1656 1203 1701 faetus

362 1725 405 1779 sit,
416 1740 449 1770 ou
461 1738 523 1769 sero
535 1726 561 1769 et
573 1724 736 1769 ceteroruml
755 1722 789 1767 Et
801 1723 922 1770 Neratius
933 1723 984 1770 ait:
1023 1724 1089 1769 tanti
1108 1719 1203 1766 coude-

355 1793 491 1837 mnandum
503 1800 691 1850 corruptorem,
699 1793 788 1848 quanti
799 1804 890 1837 servus
900 1794 933 1838 ob
944 1794 980 1855 id,
990 1793 1058 1851 quod
1066 1789 1204 1847 corruptus

361 1860 405 1921 sit,
416 1859 525 1905 minoris
536 1860 578 1903 sit.

410 1928 443 1973 X.
463 1926 507 1971 Pa
515 1926 665 1972 utereturi
676 1925 753 1971 XIX.
765 1926 801 1973 ad
810 1926 940 1975 Erlictum.
977 1927 1009 1973 ln
1018 1926 1067 1972 hoc
1078 1924 1203 1972 iudicium

361 1994 440 2041 etiam
452 2007 537 2041 rerum
548 1993 691 2040 aestimatio
704 1994 792 2058 venit,
814 2009 877 2052 quae
889 2008 975 2041 secum
985 2008 1076 2042 servus
1087 1993 1203 2056 olrstulit,

361 2061 422 2119 quia
433 2076 508 2109 otone
519 2063 638 2108 damnum
650 2062 786 2120 duplatum
798 2077 880 2122 neque
891 2062 1021 2123 intererit,
1033 2063 1065 2110 ad
1077 2075 1134 2108 eum
1145 2074 1203 2121 per·

362 2130 431 2177 latae
443 2128 541 2177 inerint
553 2144 603 2189 res,
615 2143 648 2175 an
659 2129 691 2175 ad
702 2128 798 2193 alium,
820 2131 875 2179 sive
886 2132 964 2177 etium
975 2132 1124 2178 consumtne
1135 2129 1204 2187 sint;

362 2200 457 2246 etenim
468 2198 563 2245 licetine
573 2202 612 2243 est
623 2211 680 2243 eum
693 2199 790 2258 teneri,
811 2198 855 2258 qui
871 2199 990 2257 princepe
1008 2197 1090 2246 fuerit
1106 2198 1203 2257 delicti,

362 2279 435 2324 quom
446 2280 503 2313 cum
513 2266 613 2325 quaeri,
624 2266 656 2311 ad
668 2278 741 2321 quem
753 2280 794 2311 res
805 2267 920 2325 perlatae
933 2270 1001 2313 auat.

413 2334 458 2380 Xl.
482 2337 506 2381 Il
514 2336 650 2392 tptenus
668 2333 735 2379 libro
747 2334 858 2380 XXIII.
869 2336 906 2381 orl
915 2334 1044 2381 Edictum.
1079 2333 1203 2380 NeratIue

361 2402 414 2450 eit:
427 2407 518 2461 pordes
528 2403 598 2447 furta
608 2402 676 2447 facta
689 2399 715 2445 iu
727 2401 935 2450 aestimationem
947 2416 999 2448 uon
1012 2401 1110 2449 venire.
1122 2405 1203 2458 Quam

361 2471 518 2517 senteutiam
529 2482 615 2515 reram
626 2472 706 2528 puto;
728 2482 786 2515 nam
804 2474 831 2516 et
847 2471 926 2516 veroa
946 2470 1039 2518 edicti:
1059 2472 1153 2529 quanti
1172 2484 1204 2515 ea

361 2553 404 2586 ree
415 2541 475 2593 erit,
488 2551 563 2583 omsre
576 2536 754 2584 detrimentum
766 2537 903 2596 recipiunt.
931 2540 954 2599 d.
969 2540 991 2585 l.
1004 2539 1086 2584 Seruo
1096 2549 1204 2596 persua-

362 2607 399 2665 ei,
422 2610 449 2651 ut
460 2604 631 2662 chirographa
647 2604 792 2651 debitorum
809 2610 971 2665 corrumpat,
991 2604 1112 2651 videlicet
1130 2607 1204 2650 tene-

361 2675 417 2722 bor.
438 2674 487 2720 Sed
500 2674 522 2719 el
534 2672 722 2719 consuetudine
733 2674 854 2731 peccandi
864 2677 988 2733 posteaet
999 2673 1125 2735 rationes,
1133 2676 1204 2720 ecte-

360 2755 440 2801 raque
452 2741 549 2789 similia
560 2740 732 2787 instrumenta
742 2740 910 2803 eulrtrsxerit,
923 2742 964 2788 uel
975 2740 1149 2804 interlererit,
1161 2740 1204 2788 rel

361 2808 499 2869 deleverit,
511 2809 647 2854 dicendum
657 2809 718 2868 erit,
739 2813 920 2867 corruptorem
930 2810 1021 2856 horum
1032 2812 1138 2856 nomine
1150 2823 1202 2856 uon

363 2878 456 2925 teneri.
492 2878 515 2935 d.
527 2880 550 2922 2.
569 2874 691 2929 Quemvis
705 2880 790 2923 autern
801 2890 886 2924 rernm
897 2879 1085 2924 subtractarum
1097 2878 1203 2926 nomine

362 2948 430 2992 servi
443 2943 558 3002 corrupti
571 2946 702 3001 competat
713 2944 794 3003 actio,
815 2948 901 2993 tamen
913 2950 939 2991 et
948 2946 1012 2992 furti
1024 2957 1100 3005 agere
1111 2959 1203 3005 possu-
1241 2975 1248 2990 .

360 3026 433 3075 mus;
454 3026 503 3072 ope
514 3010 583 3057 euim
595 3014 621 3057 et
632 3011 743 3058 coneilio
754 3012 934 3060 sollicitatoris
945 3013 1066 3061 ridentur
1076 3027 1119 3061 res
1130 3016 1203 3061 abes-

361 3095 398 3143 se,
419 3095 467 3128 nee
478 3079 589 3126 sufficiet
599 3078 726 3126 alterutra
737 3080 840 3127 actione
852 3082 951 3141 egisse,
972 3082 1032 3141 quia
1042 3081 1126 3129 alters
1136 3082 1203 3128 elte-

362 3164 416 3198 ram
428 3163 482 3195 non
493 3146 596 3195 minuit.
626 3148 695 3194 tdem
705 3151 732 3195 et
742 3148 769 3194 in
777 3162 819 3208 eo,
832 3150 875 3208 qui
886 3163 988 3196 serrum
997 3149 1111 3211 reecpit,
1122 3154 1150 3196 et
1161 3163 1203 3195 ce-

362 3217 436 3279 larit,
446 3221 474 3265 et
486 3218 642 3265 deteriorem
653 3216 731 3276 iecit,
743 3215 861 3262 lolianus
872 3217 971 3264 scribit.
1008 3219 1074 3263 Sunt
1084 3217 1151 3264 enim
1164 3216 1204 3262 di-

363 3300 439 3334 rersa
449 3285 577 3334 maleficis
589 3283 662 3341 furis,
672 3290 698 3331 et
710 3283 777 3346 eius,
795 3284 841 3342 qui
852 3285 1007 3332 deteriorem
1018 3297 1121 3331 servum
1131 3284 1202 3331 fecit.

362 3355 419 3401 lloc
429 3353 539 3413 amplius
551 3358 577 3399 et
588 3351 764 3398 condictionis
783 3351 888 3400 nomiae
906 3353 1045 3400 tenebitur.
1079 3351 1203 3405 Quamuis

363 3421 431 3470 ellim
444 3420 611 3467 eorrdictioue
622 3419 767 3479 hominem,
786 3433 898 3478 poenam
914 3423 999 3466 sutem
1015 3419 1079 3466 torti
1098 3419 1204 3467 actione

363 3491 518 3534 consecutus
530 3487 579 3545 eit,
600 3488 686 3533 tamen
700 3492 727 3536 et
744 3489 813 3545 quod
830 3486 943 3534 interest
959 3486 1060 3534 debebit
1078 3488 1203 3544 consequi

363 3556 468 3603 actissue
480 3554 548 3600 serri
561 3555 687 3613 corrupti,

413 3621 473 3667 Xll.
491 3621 619 3667 Pontus
638 3624 704 3668 lidro
721 3621 799 3667 XIX.
816 3623 854 3668 ud
868 3619 997 3668 Edictum.
1033 3621 1102 3678 Quis
1117 3625 1205 3670 manet

364 3702 424 3737 reue
435 3688 577 3751 obligatus,
589 3689 667 3736 etiam
677 3691 753 3736 retius
764 3688 881 3736 redditis.

414 3756 487 3803 Xlll.
509 3758 681 3818 Ulpianus
703 3758 769 3805 titre
785 3756 897 3803 XXIII.
914 3757 952 3803 ud
970 3756 1099 3805 Edictum.
1133 3760 1205 3807 Haec

364 3825 432 3871 actio
444 3830 567 3883 perpetue
578 3829 632 3883 est,
655 3838 708 3870 uon
720 3824 892 3883 temporarie,
912 3829 937 3869 et
954 3825 1044 3871 heredi
1061 3827 1205 3886 ceterisque

365 3893 557 3938 suecessoribus
569 3892 703 3951 competit,
717 3892 744 3937 iu
754 3892 874 3940 heredem
885 3904 939 3938 non
949 3893 1062 3954 dabitur,
1071 3894 1134 3953 quie
1142 3909 1206 3953 poe·

365 3960 433 4007 uelis
443 3964 492 4005 eet.
523 3960 546 4019 t.
562 3962 583 4005 Ι.
604 3960 656 4005 Sed
668 3962 694 4006 et
705 3960 726 4005 ei
738 3960 796 4017 quis
807 3972 911 4007 serrum
920 3959 1104 4008 hereditarium
1113 3975 1205 4008 eorru-

364 4026 448 4087 perit,
469 4026 516 4072 lrec
526 4026 629 4073 actione
639 4027 783 4086 tenebitur3
804 4029 851 4075 sed
861 4030 888 4075 et
898 4027 1028 4086 petitione
1043 4027 1205 4094 hereditatis,

365 4094 438 4153 quasi
450 4093 554 4153 praedo,
567 4094 707 4158 tenebitur,

412 4161 481 4207 xlv.
500 4161 628 4210 Pastas
641 4162 709 4211 liora
720 4162 798 4211 x1x.
812 4164 990 4213 addidicisse.
1003 4166 1037 4212 Ut
1048 4166 1150 4214 tantors
1159 4180 1206 4215 re·

364 4230 422 4277 nist
433 4230 461 4277 in
471 4230 624 4278 hereditatis
633 4231 796 4294 petitionem,
817 4236 941 4290 quantam
952 4233 980 4280 in
990 4234 1056 4283 lianc
1066 4235 1212 4299 actionem<

365 4302 388 4360 p.
403 4301 425 4346 l.
447 4298 486 4345 De
503 4298 559 4346 tilio
576 4298 663 4346 filiave
681 4300 793 4347 familias
811 4292 940 4360 corruptis
952 4300 1012 4348 linic
1030 4302 1116 4350 edicto
1132 4305 1205 4351 locus

364 4381 418 4415 uon
429 4370 478 4425 est,
489 4366 550 4423 qnia
559 4362 628 4415 serui
640 4369 755 4427 corrupti
766 4369 910 4417 constituta
919 4370 989 4416 ectio
1000 4376 1048 4431 eet,
1064 4372 1108 4428 qni
1120 4372 1148 4419 io
1160 4387 1206 4431 ps-

365 4434 491 4485 trimouio
502 4437 593 4482 nostro
604 4438 687 4499 essct,
707 4439 734 4484 et
744 4438 924 4496 pauperiorem
935 4451 962 4485 sc
974 4439 1070 4486 facturn
1084 4454 1141 4488 esse
1157 4441 1206 4487 do·

364 4504 449 4553 suiuus
460 4506 571 4563 probare
581 4507 677 4563 potest,
688 4504 815 4563 dignitate
825 4509 851 4551 et
863 4506 930 4553 lema
938 4506 1029 4553 domus
1040 4507 1142 4567 integra
1153 4521 1206 4555 ms-

365 4577 458 4629 notite,
480 4571 524 4619 sed
536 4572 610 4619 utilis
620 4574 743 4632 competit
755 4573 839 4621 officio
851 4573 945 4620 iudicis
956 4574 1124 4637 aestimanda,
1139 4589 1206 4635 quo-

364 4641 434 4689 niam
446 4640 555 4687 interest
566 4644 674 4699 uoetra,
694 4639 810 4689 animum
827 4641 971 4689 liberorum
986 4647 1137 4691 nostrornm
1153 4657 1207 4691 non

366 4706 505 4768 corrumpi.
523 4711 546 4769 ἦ.
556 4712 581 4756 2.
590 4710 619 4756 st
629 4722 719 4757 sertus
730 4709 872 4757 communie
882 4724 954 4757 meus
965 4715 991 4757 et
1003 4716 1063 4758 tuus
1073 4711 1207 4771 proprium

365 4790 448 4823 meum
458 4789 561 4825 serrum
573 4776 734 4847 corruperit,
754 4777 927 4839 moruncurt,
947 4792 1001 4826 nou
1012 4793 1089 4839 posse
1098 4779 1141 4839 agi
1151 4792 1207 4827 cusu

366 4843 452 4897 socio,
473 4845 580 4902 perinde
590 4850 668 4905 atque
680 4846 702 4893 si
713 4846 835 4906 proprius
852 4860 924 4894 meus
940 4860 1033 4896 cerrus
1047 4848 1207 4908 corrupisset

366 4924 529 4960 conservum.
563 4915 629 4963 Item
641 4914 664 4961 si
674 4927 767 4962 seruus
780 4915 923 4961 mamonis
940 4912 1096 4965 extraneum
1115 4930 1206 4964 corru-

366 4979 445 5040 perit,
456 4980 592 5030 ridendam
601 4988 655 5043 eet,
676 4987 763 5031 utram
774 4996 831 5031 cum
841 4982 941 5030 duobus
952 4985 994 5044 api
1005 4985 1114 5043 debeat,
1135 4998 1169 5032 an
1180 4987 1206 5032 et

366 5062 424 5095 cum
434 5047 545 5117 sinentis
556 5053 676 5111 exemplo
687 5058 830 5100 ceterarum
839 5065 970 5100 aosamm
981 5056 991 5101 l
1018 5053 1053 5100 Et
1063 5053 1146 5112 magis
1156 5056 1206 5114 est,

364 5119 395 5163 nt
405 5118 579 5175 nnumsisque
589 5120 618 5167 in
631 5121 744 5167 solidum
758 5125 886 5180 teneatur,
893 5120 979 5169 altero
989 5127 1076 5170 autern
1087 5123 1207 5171 eolrcnte

364 5185 478 5257 alternas
489 5185 604 5235 liberari.
639 5193 663 5249 p.
675 5191 699 5235 3.
722 5189 749 5234 si
766 5190 797 5243 is,
808 5190 835 5236 in
848 5203 898 5248 quo
910 5191 1098 5239 usumfructum
1114 5191 1205 5253 habeo,

365 5266 470 5300 serrum
480 5268 562 5302 maur
572 5256 727 5317 corruperit,
739 5258 790 5305 erit
802 5259 863 5305 mitri
876 5260 946 5307 artie
957 5274 1013 5309 cum
1023 5258 1129 5307 domiuo
1144 5273 1205 5318 pro-

363 5320 493 5382 prietatis.
527 5325 589 5385 pt.
608 5325 717 5385 Pigneri
731 5325 784 5372 dati
801 5326 906 5374 nemine
923 5328 1026 5377 debitor
1042 5328 1118 5376 lssbet
1138 5327 1207 5375 harre

365 5389 505 5438 setim.
526 5394 551 5451 d.
565 5395 588 5438 ⁵.
599 5395 630 5439 ts
641 5396 689 5440 eae
698 5393 804 5442 actione
816 5409 870 5442 neu
880 5400 956 5444 estra
966 5411 1022 5445 rem
1032 5396 1140 5456 duplum
1151 5400 1206 5457 est3

364 5457 392 5504 id
401 5457 481 5517 eain,
491 5460 656 5518 quaedamst
667 5462 754 5507 datan
764 5468 813 5521 eet,
824 5464 954 5523 dupletur.
985 5467 1009 5526 ς.
1022 5470 1044 5512 o.
1055 5464 1104 5510 llis
1113 5478 1205 5514 cousc-

366 5532 473 5583 weater
483 5534 509 5574 et
519 5528 586 5574 iliad
598 5534 730 5590 probatur,
742 5535 780 5593 at,
791 5534 813 5579 si
824 5545 901 5580 serre
910 5546 969 5580 meo
979 5534 1154 5593 pemaueris,
1175 5535 1205 5580 nt

364 5594 438 5641 Titia
446 5595 546 5644 tertam
559 5596 645 5661 ferme,
659 5610 714 5645 use
724 5600 808 5648 selem
818 5601 847 5647 is
857 5601 883 5648 is
893 5602 1016 5659 maris,
1028 5602 1205 5660 quodeterior

363 5665 640 5731 maecenas,
657 5667 704 5714 sed
717 5672 744 5714 et
761 5670 789 5715 'ss
800 5668 841 5729 id,
863 5670 931 5728 quud
945 5671 1019 5717 'l'itie
1123 5672 1205 5720 'turus

362 5730 422 5778 sias.
457 5734 481 5792 9.
492 5736 518 5780 t.
528 5736 595 5782 lte·
605 5750 661 5782 aee
671 5736 755 5783 sotem
765 5738 788 5784 si
800 5738 863 5785 miii
874 5738 995 5787 inanes
1055 5739 1107 5786 erit
1117 5742 1205 5789 coasi-

362 5797 470 5863 itatem
480 5802 799 5869 affinitatem,
818 5811 1079 5867 “maurontus
1089 5809 1152 5855 ruffi
1164 5814 1204 5858 te·

916 360 999 412 nro.
1026 359 1078 413 xi.
1108 358 1134 411 a.
1180 316 1236 411 oa
1271 354 1505 435 auctarum.

1258 499 1342 564 neris,
1362 499 1431 558 qnod
1442 513 1491 560 ego
1501 500 1560 559 lege
1568 499 1673 558 Aquilia
1682 499 1814 549 oluoxlus
1824 498 1886 560 sim,
1897 499 1943 548 snt
1951 498 1975 548 si
1985 511 2018 549 ex
2027 515 2075 552 cen·

1257 571 1335 618 ducto
1347 572 1438 618 teneor
1448 567 1543 631 elicui,
1564 570 1633 629 quod
1644 568 1669 616 ei
1680 582 1784 617 serrum
1794 568 1894 631 locari,
1913 574 1940 617 et
1950 572 2075 628 propterte

1258 637 1374 684 deterior
1383 639 1467 683 iactus
1477 636 1527 698 sit,
1550 636 1681 685 teneberis
1691 641 1717 685 et
1728 637 1777 685 hoc
1788 635 1906 695 nomine3
1926 640 1953 686 et
1963 637 1987 683 si
1997 651 2040 696 qua
2047 643 2076 687 ts·

1257 705 1295 753 lis
1303 704 1365 751 sint.
1400 707 1458 764 §.a
1470 703 1627 752 destinatio
1639 708 1726 753 autem
1745 705 1856 752 habetor
1876 703 1905 750 iu
1924 705 1972 752 lise
1991 707 2077 757 setiam

1258 774 1348 829 quanti
1358 785 1448 819 servus
1459 772 1540 819 vilior
1550 773 1635 819 tectus
1648 773 1699 831 eit;
1723 772 1791 830 quod
1808 772 1892 820 otlicio
1906 771 2002 819 iudicis
2017 787 2078 835 erpe-

1257 840 1352 887 dietar.
1388 842 1411 900 p.
1423 844 1447 886 9.
1460 840 1591 887 Interdum
1603 845 1689 888 tamen
1700 845 1726 887 et
1738 841 1761 886 si
1772 839 1875 886 inutilis
1885 840 1933 901 sit,
1944 842 1975 886 ut
1984 853 2078 892 noaer.
2140 866 2141 869 =

1256 909 1342 967 pediat
1353 908 1430 954 talem
1440 920 1543 955 servum
1553 908 1655 956 habere.
1689 910 1783 969 Utrum
1793 920 1856 966 ergo
1866 911 1895 955 et
1902 907 2016 966 pretium
2024 912 2078 971 copi.
2140 912 2141 919 ¹

1257 979 1299 1022 tur
1310 975 1371 1022 dare
1379 975 1578 1037 sollicitator,et
1589 990 1692 1023 serrum
1703 977 1821 1023 domiuus
1831 975 1996 1023 lamiisciatt
2007 988 2079 1026 sure.

1256 1056 1287 1091 ro
1299 1043 1357 1101 cogi
1369 1043 1444 1088 debet
1455 1043 1572 1089 dominus
1583 1045 1721 1091 restituere
1731 1057 1846 1104 seruum,
1866 1047 1893 1090 et
1902 1044 2015 1103 pretinm
2028 1047 2079 1093 serti

1257 1112 1389 1169 acciperet
1401 1110 1435 1156 Et
1446 1112 1534 1157 uerius
1544 1116 1593 1172 eet,
1605 1109 1760 1159 electionem
1770 1111 1875 1158 domino
1892 1111 1966 1173 dari,
1976 1110 2079 1163 eireser·

1257 1192 1315 1225 vum
1325 1178 1445 1225 detincre
1456 1179 1534 1241 eupit,
1546 1183 1573 1227 et
1583 1179 1716 1237 damnum,
1729 1178 1818 1238 quanti
1829 1178 1946 1226 deterior
1956 1190 2044 1227 servus
2052 1184 2079 1229 ts

1257 1252 1313 1293 ctus
1324 1250 1371 1307 est,
1383 1246 1410 1291 in
1423 1245 1525 1305 duplum
1536 1246 1662 1309 accipere,
1674 1248 1717 1293 uel
1727 1260 1804 1294 eerso
1814 1246 1953 1309 restituto,
1962 1247 1988 1294 si
1998 1250 2080 1308 copisa
2140 1290 2141 1295 ,

1257 1315 1331 1362 huius
1343 1313 1381 1361 rei
1392 1313 1499 1377 habeat,
1519 1314 1629 1374 pretium
1639 1314 1779 1375 conrequi3
1802 1314 1873 1373 qnod
1888 1315 1912 1363 si
1928 1328 1983 1363 aon
1997 1316 2079 1379 heieu,
2140 1320 2141 1333 ¹

1256 1382 1367 1442 pretium
1377 1381 1477 1438 quidem
1489 1382 1568 1428 simili
1580 1383 1655 1429 modo
1667 1383 1784 1442 accipere
1795 1383 1885 1447 debet,
1906 1383 2000 1432 cedere
2010 1390 2078 1433 auten

1257 1449 1426 1496 sollicitatori
1437 1450 1556 1508 periculo
1573 1450 1689 1497 ciusdem
1710 1450 1831 1497 dominos
1849 1451 1919 1498 servi
1939 1452 2077 1500 ιοίίοιιίιιι.

1258 1517 1334 1574 Quod
1344 1522 1430 1564 temen
1447 1517 1478 1565 de
1494 1518 1660 1565 restitutione
1678 1518 1792 1566 hominis
1805 1518 1914 1581 dicitur,
1935 1523 2000 1566 tunc
2013 1520 2079 1568 locun

1257 1587 1347 1647 babet,
1368 1598 1443 1642 quum
1452 1586 1556 1632 homine
1568 1586 1628 1632 viro
1637 1587 1732 1645 agitur.
1770 1586 1839 1643 Quid
1849 1591 1948 1650 autem,
1969 1588 1994 1633 si
2009 1601 2078 1634 manu

1257 1653 1335 1700 iniero
1347 1666 1378 1701 eo
1390 1655 1567 1710 igniarium
1579 1654 1655 1700 facile
1666 1657 1733 1713 apud
1745 1653 1856 1701 iudicem
1866 1655 1997 1713 audietur,
2008 1655 2078 1703 dicen·

1257 1722 1298 1783 do,
1310 1721 1369 1767 ideo
1381 1734 1408 1766 ec
1420 1722 1605 1784 manumisisse,
1614 1723 1734 1781 quoniam
1744 1722 1840 1769 habere
1851 1722 2078 1787 noluerstdomi,ut

1255 1794 1283 1835 et
1293 1790 1406 1847 pretium
1418 1788 1507 1836 habeat
1519 1795 1544 1836 et
1559 1790 1689 1836 lilrertum.

1302 1856 1358 1902 XV.
1371 1858 1545 1904 Oairrslidro
1571 1856 1613 1904 VI.
1634 1860 1671 1903 ml
1691 1857 1812 1904 Edictum
1828 1858 2001 1918 provinciale.
2034 1859 2079 1905 Cor·

1255 1924 1494 1981 rumpituruuimm
1503 1926 1588 1987 servi,
1600 1929 1627 1971 et
1637 1925 1659 1971 ei
1670 1924 1855 1984 persuadeatur
1865 1926 1890 1973 ei
1896 1959 1905 1988 ,
1924 1927 1955 1971 ut
1965 1925 2079 1973 dominun

1254 1996 1414 2039 contemnat.

1305 2060 1374 2107 le.
1386 2060 1531 2126 Alfenus
1546 2060 1734 2109 Varns'lidro
1749 2062 1787 2108 II.
1804 2062 1978 2124 Digestorum.
2008 2061 2080 2109 Doul-

1255 2141 1304 2174 nns
1316 2141 1418 2175 servum
1430 2130 1634 2188 dispensatorem
1643 2129 1810 2188 manumisit,
1831 2132 1920 2188 postes
1931 2129 2047 2178 rationes
2058 2130 2078 2175 sl

1256 2210 1288 2244 eo
1299 2196 1411 2257 aceepit,
1423 2202 1448 2244 et
1462 2210 1538 2254 «quum
1549 2198 1629 2245 decis
1640 2212 1694 2244 non
1704 2201 1851 2259 constaret,
1869 2199 2010 2264 comperit,
2029 2198 2080 2257 apud

1256 2265 1382 2320 quandam
1393 2264 1569 2311 mulierculam
1581 2266 1714 2325 pecuniam
1727 2279 1784 2313 eum
1792 2266 1975 2314 consensisse.
2011 2270 2079 2323 tinae

1256 2332 1371 2379 rebatur:
1394 2328 1516 2389 possetne
1534 2345 1612 2392 agere
1631 2334 1700 2381 servi
1712 2334 1831 2391 corrupti
1849 2347 1905 2380 cum
1925 2348 1958 2382 ea
1979 2334 2079 2391 muliere,
2140 2362 2141 2373 .

1256 2413 1334 2457 quum
1345 2400 1367 2446 is
1378 2412 1468 2447 sertus
1479 2399 1530 2446 ism
1540 2401 1607 2447 liber
1615 2405 1699 2449 essetf
1710 2401 1855 2461 Respondi:
1866 2414 1958 2461 posse;
1968 2401 2079 2449 sederim

1254 2468 1320 2514 furti
1333 2468 1363 2514 de
1374 2469 1502 2529 pecuniis,
1513 2481 1576 2524 quas
1587 2483 1678 2516 servus
1689 2470 1720 2516 ad
1730 2484 1788 2516 enm
1798 2469 1943 2517 detulisset.

1304 2536 1386 2582 xvtt.
1398 2536 1428 2583 M
1433 2538 1512 2582 arci
1516 2538 1675 2585 unuslidro
1685 2538 1736 2584 IV.
1749 2539 1916 2598 mmmm.
1946 2536 2024 2584 Serri
2036 2548 2079 2582 cor·

1255 2603 1327 2662 rupti
1340 2602 1446 2649 nomine
1456 2608 1481 2650 et
1493 2608 1629 2651 constante
1639 2605 1806 2653 matrimonio
1817 2602 1911 2651 marito
1922 2605 1951 2651 in
1961 2604 2079 2653 maliem

1254 2671 1333 2718 datur
1342 2671 1422 2734 actio,
1432 2671 1479 2717 sed
1487 2672 1579 2720 furore
1589 2674 1740 2732 nuptiarum
1748 2673 1778 2719 in
1785 2672 1916 2733 simplum.

1589 2770 1680 2830 ΤΙΤ.
1706 2773 1762 2832 tv.

1496 2857 1853 2906 uaruc1rrv1e.

1308 2943 1329 2988 1.
1345 2942 1594 3001 Ulpinesslibro
1605 2942 1628 2987 1.
1640 2944 1679 3000 ad
1685 2943 1816 2991 Edictum.
1846 2945 1886 3005 le,
1900 2940 2080 3002 qutmgttim

1254 3009 1365 3071 celavit,
1382 3011 1424 3056 fur
1434 3014 1482 3057 est.
1512 3011 1535 3069 p.
1551 3012 1573 3055 l.
1585 3009 1697 3057 Senatus
1708 3010 1826 3073 censuit,
1845 3024 1880 3058 ne
1890 3010 1996 3069 fugitivi
2003 3009 2080 3057 admit-

1256 3079 1346 3124 tentur
1357 3078 1384 3124 in
1393 3077 1489 3140 saltus,
1512 3090 1596 3135 neque
1606 3082 1777 3138 protegantur
1787 3093 1803 3124 a
1813 3077 1910 3125 villicis
1920 3079 1965 3125 rel
1973 3090 2080 3137 procura·

1257 3146 1358 3192 toribus
1369 3158 1558 3208 possessorum,
1577 3148 1604 3192 et
1617 3147 1737 3193 mulctam
1748 3146 1852 3203 statuit;
1875 3146 1916 3201 liis
1933 3152 2030 3205 autera,
2043 3145 2080 3204 qui

1255 3214 1325 3261 intra
1334 3213 1429 3272 uiginti
1440 3214 1497 3260 dies
1513 3214 1641 3272 fugitiuos
1657 3215 1699 3261 rel
1717 3214 1829 3261 dominis
1845 3213 2029 3275 reddidissent,
2045 3211 2080 3259 rel

1255 3281 1323 3339 apud
1333 3282 1504 3340 magistratus
1518 3281 1711 3344 eshibuisseut,
1734 3283 1838 3329 reniam
1848 3281 1875 3328 in
1885 3283 1947 3328 ante
1955 3284 2034 3327 actu
2042 3280 2080 3327 de

1255 3349 1304 3395 dit.
1325 3348 1378 3395 Sed
1388 3352 1414 3395 et
1425 3348 1546 3407 deinceps
1557 3350 1646 3396 eedem
1659 3350 1887 3397 senatusconsulto
1897 3349 2031 3408 impunitas
2039 3347 2080 3393 ds·

1257 3421 1299 3463 tur
1306 3415 1391 3478 ei,qui
1398 3416 1468 3462 intra
1477 3417 1634 3475 praestituta
1644 3422 1851 3479 tempora,quaro
1861 3417 1960 3476 reperit
1969 3414 2081 3476 fugitiuos

1255 3483 1285 3531 in
1295 3497 1357 3544 agro
1368 3483 1538 3546 suo,dornino
1550 3484 1591 3532 rel
1602 3485 1797 3545 magistratibus
1806 3485 1953 3533 tradiderit.
1971 3483 2083 3545 moe

1256 3555 1341 3600 autem
1351 3554 1607 3600 senatusconsultum
1618 3554 1716 3600 aditum
1727 3555 1806 3602 etism
1815 3553 1888 3602 dedit
1900 3552 1979 3600 militi
1988 3551 2024 3598 rel
2041 3564 2083 3610 ps·

1256 3634 1326 3680 gano
1338 3620 1369 3665 sd
1380 3620 1591 3681 inuestigandum
1610 3621 1749 3680 fugitivum
1769 3622 1796 3668 in
1817 3620 1923 3680 praedis
1941 3622 2080 3668 &mrem

1256 3689 1299 3735 rel
1309 3700 1476 3748 paganorum.
1505 3690 1554 3735 Coi
1566 3688 1604 3736 rei
1617 3690 1694 3736 etiarn
1706 3691 1751 3739 lex
1768 3688 1849 3737 Faria
1865 3690 2040 3748 prospexerat,
2057 3691 2078 3732 et

1257 3756 1509 3804 senatusconsultum
1519 3759 1639 3804 Modesto
1656 3758 1769 3805 Consule
1787 3758 1899 3817 factam,
1920 3760 1950 3803 ut
1968 3754 2077 3814 fagitiros

1257 3824 1391 3882 inquirere
1402 3825 1552 3872 uolentibus
1561 3826 1667 3873 litterae
1675 3823 2079 3885 admugietrstnsdeutur,mulcts

1257 3892 1337 3940 etiam
1347 3897 1451 3940 centnm
1461 3892 1607 3941 solidorum
1617 3893 1646 3940 in
1664 3894 1834 3953 magistratus
1843 3896 1949 3953 statuta,
1962 3892 1986 3938 si
1994 3889 2080 3937 litteris

1257 3961 1368 4020 acceptis
1378 3959 1541 4021 inquirentes
1551 3973 1606 4009 non
1616 3961 1749 4009 adiuvent.
1766 3961 1817 4009 Sed
1828 3963 1854 4008 et
1862 3960 1960 4012 ineam.
1967 3959 2006 4019 qai
2013 3970 2079 4018 qaae·

1256 4030 1280 4076 ri
1291 4029 1359 4088 apud
1370 4040 1398 4077 se
1409 4028 1555 4091 prohibuit,
1578 4030 1667 4077 eadem
1678 4042 1764 4089 poena
1775 4032 1872 4076 statute
1882 4032 1931 4075 est.
1960 4028 2005 4074 Fet
2015 4026 2081 4072 stica

1258 4097 1389 4157 generalis
1400 4096 1512 4157 epistola
1520 4098 1642 4145 divorum
1651 4098 1771 4145 litorei-et
1781 4096 1932 4157 Commodi„
1951 4106 1998 4152 qas
2006 4092 2082 4141 decis-

1257 4169 1345 4229 ratur,
1353 4168 1383 4212 ct
1392 4164 1540 4228 Praesides,
1550 4170 1578 4213 et
1588 4165 1771 4231 magistratus,
1785 4169 1813 4214 et
1823 4164 1921 4212 milites
1929 4160 2082 4210 statinariu

1259 4233 1390 4282 dominura
1400 4234 1523 4281 adinrare
1533 4235 1627 4281 debere
1636 4234 1665 4283 in
1675 4233 1840 4294 inquirendis
1849 4231 2008 4294 iopitiriget
2016 4228 2081 4275 atis-

1259 4307 1352 4350 reatos
1363 4302 1517 4364 redderent,
1528 4306 1555 4349 et
1565 4304 1594 4348 ut
1604 4301 1642 4364 lii,
1650 4304 1721 4363 apud
1732 4315 1796 4361 quoe
1806 4300 1971 4361 delitescant,
1981 4297 2081 4360 pauiss-

1259 4374 1317 4429 tur,
1335 4370 1357 4417 si
1369 4370 1478 4420 erimine
1487 4371 1685 4430 contingantur.
1718 4372 1742 4431 d.
1755 4374 1779 4419 3.
1797 4368 1978 4428 Unusquisque
1995 4378 2081 4423 eoru,

1258 4440 1301 4500 qui
1313 4438 1451 4499 fugitivam
1462 4439 1647 4502 apprehendit,
1668 4439 1697 4486 iss
1716 4439 1847 4499 publicum
1868 4436 1993 4484 seim
2010 4433 2081 4482 celet

1258 4510 1283 4569 p.
1295 4507 1465 4554 d.Etmerito
1476 4513 1615 4555 monentur
1627 4504 1997 4567 magistrataseosdiligeater
2006 4504 2081 4549 eut·-

1258 4575 1332 4632 dire,
1346 4589 1381 4623 ne
1391 4576 1511 4623 evadant.
1543 4577 1566 4636 p
1581 4580 1604 4622 5.
1615 4575 1767 4635 fugitiuum
1776 4573 1878 4633 accipe,
1896 4572 1958 4619 etsi
1968 4572 2081 4631 qaisesra

1259 4643 1303 4692 sit.
1337 4643 1455 4703 Fugitivi
1466 4648 1552 4691 autern
1563 4644 1740 4704 appellatione
1755 4657 1790 4691 ex
1805 4640 1920 4701 tugitirs
1935 4644 2022 4687 astu
2034 4646 2081 4682 ⁸0¹

1256 4712 1403 4772 contineri,
1423 4712 1508 4758 Labeo
1520 4712 1588 4759 lrlsro
1600 4711 1684 4771 primo
1695 4713 1727 4760 ad
1738 4712 1850 4761 esterna
1860 4708 1959 4755 sentit.
1991 4710 2013 4768 p
2024 4708 2045 4751 t
2055 4703 2081 4748 ΙΙ
2140 4714 2141 4749 t

1258 4781 1387 4841 pubiicum
1397 4779 1488 4828 deduci
1499 4779 1704 4841 intelliguntur,
1715 4780 1795 4838 etqui
1806 4771 2081 4838 magistratibus-sai·

1258 4848 1384 4907 cipalibos
1392 4847 1484 4895 traditi
1495 4853 1570 4911 eant,
1592 4849 1634 4896 rel
1645 4848 1758 4908 publicis
1768 4846 1930 4895 ιιιίιιὶιιειίἰι.
1966 4847 1990 4905 p
2003 4845 2026 4887 t.
2040 4839 2081 4885 ui-

1260 4916 1343 4975 ligens
1353 4917 1472 4965 custodia
1481 4916 1559 4964 etiaas
1571 4916 1672 4964 uincire
1683 4916 1820 4977 permittit.
1843 4916 1868 4976 p.
1879 4916 1906 4960 8.
1918 4913 1981 4960 Tan
1990 4908 2031 4957 dia
2039 4918 2081 4953 ss·
2140 4928 2141 4949 t

1257 4988 1309 5031 tem
1319 4986 1517 5045 custodiuntur,
1537 4999 1613 5044 quem
1623 4985 1667 5033 diu
1676 4985 1709 5032 sd
1719 4985 1882 5031 Praefectum
1892 4981 1999 5039 vigilan
2007 4975 2045 5022 rel
2052 4972 2081 5019 si
2140 4978 2141 4991 ¹

1257 5052 1405 5102 Praesident
1417 5053 1569 5113 prouinciae
1579 5054 1754 5115 deducantur,
1774 5062 1914 5109 curamue
1928 5047 2041 5103 nuiss,
2058 5042 2081 5085 ei

1258 5114 2081 5185 notae,eseaimseqeisessedtest,ssngrsoatassemm
2140 5140 2141 5155 ι

1258 5195 1316 5251 tur,
1331 5195 1360 5239 nt
1369 5192 1475 5239 facilius
1484 5191 1593 5251 eparci
1602 5194 1629 5237 et
1639 5189 1738 5248 percipi
1749 5187 1854 5251 fugium
1864 5184 1974 5245 possint.
2006 5180 2081 5253 Note?

1258 5264 1344 5308 autern
1364 5261 1443 5309 verto
1462 5260 1542 5308 etiam
1561 5257 1698 5306 cicatrices
1719 5256 1896 5303 contineatur.
1932 5251 2001 5297 ldear
2023 5248 2080 5294 iant

1257 5331 1307 5389 est,
1318 5330 1341 5376 si
1351 5329 1415 5377 laec
1425 5329 1453 5376 in
1463 5328 1570 5388 seriptis
1580 5326 1683 5386 publice
1692 5324 1736 5372 rel
1746 5324 1775 5370 ia
1784 5324 1864 5371 sedes
1872 5320 2052 5380 pesp-ast!
2073 5378 2079 5388 ι

1303 5399 1337 5444 ll.
1358 5399 1595 5446 Callistratse
1609 5396 1677 5441 litare
1696 5393 1942 5452 nequitiem
1975 5385 2080 5443 repon

1257 5464 1386 5525 simplices
1397 5466 1510 5515 dominis
1519 5462 1644 5513 mittendi
1656 5464 1732 5519 mne,
1743 5460 1790 5507 sed
1799 5458 1823 5505 si
1833 5470 1880 5517 prs
1890 5455 2021 5503 liberisue
2030 5458 2082 5509 gc·-

1257 5534 1355 5595 serint,
1366 5535 1472 5595 prasius
1481 5532 1599 5582 merceri
1609 5530 1706 5578 solent.

1307 5604 1413 5651 titttt
1443 5591 2009 5658 secerneremrnffieustseesssh
2039 5581 2080 5629 ⁰5·
2140 5596 2141 5639 ζ

1257 5686 1305 5721 rae
1315 5673 1378 5720 l‘ius
1446 5671 1536 5732 ripsit:
1557 5682 1630 5727 eam,
1650 5664 1844 5725 carnetum
1853 5649 2079 5717 valtreqairmifl

1257 5741 1370 5803 praediis
1380 5740 1490 5801 meets,
1511 5750 1589 5799 pesse
1598 5734 1672 5782 adire
1680 5732 1845 5785 Praesides,
1862 5728 1966 5775 liuer-
1974 5723 1999 5770 ό
2010 5720 2081 5799 det·-

1255 5826 1321 5864 run.
1331 5800 1824 5871 etsiitsrmesegeriuapparitaren
1832 5794 2081 5855 pneumatom-
