4354 6424
327 378 362 435 10

327 523 383 569 turn
393 519 459 567 Titii
470 520 602 568 frumento
613 519 779 567 tuo'mixtum
790 518 909 580 luerit,si
919 518 1021 576 quidem
1032 517 1170 567 exsolua-

327 592 384 647 tste
396 590 492 648 vestra,
503 600 637 635 commune
648 587 774 648 erit,quia
784 586 890 645 singula
898 586 1051 646 corpora,id
1062 591 1101 633 cst
1113 584 1169 634 sin-

328 656 390 717 gula
405 669 499 715 mana,
519 669 583 712 quae
600 654 724 711 cuiusque
740 655 848 712 propria
857 655 971 715 fuerunt,
993 668 1026 717 ex
1039 666 1170 718 conscissa

328 728 418 772 vestro
429 723 618 770 communicata
628 725 698 768 sunt.
738 721 837 774 Quodsi
849 735 908 771 casu
918 722 946 769 id
957 722 1069 771 mixtum
1078 723 1169 784 luerit,

330 792 373 839 sel
384 791 469 837 Titius
479 790 506 835 id
515 790 651 836 miscuerit
658 789 715 836 sinc
722 789 979 850 tusroluutate,non
987 789 1089 837 ridetur
1098 803 1170 836 corn·

330 872 407 907 mune
418 872 487 917 esse,
498 857 559 913 quia
570 856 674 915 singula
685 869 796 917 corpora
806 857 834 902 iu
845 869 892 904 sua
902 856 1047 903 substantia
1059 857 1168 916 durant,

331 940 380 975 nec
389 926 471 984 magis
483 924 540 970 istis
552 924 654 971 cuibus
664 937 798 971 commune
809 925 837 971 tit
848 924 1015 984 frumentum,
1023 938 1096 982 quam
1104 938 1170 984 grex

332 993 491 1051 intelligitur
508 1005 566 1038 esse
583 992 735 1049 communis,
756 992 778 1037 si
788 1004 885 1050 pecora
895 992 959 1038 Titii
971 991 1023 1037 tuis
1034 994 1171 1051 pecoribus

331 1061 414 1109 mista
430 1059 538 1107 fuerint.
570 1059 622 1106 Sed
639 1060 662 1105 si
672 1060 703 1105 ab
715 1059 845 1107 alterutro
856 1063 972 1106 restrum
983 1063 1066 1106 totum
1078 1060 1104 1106 id
1115 1062 1171 1107 iru-

330 1133 446 1176 mentum
464 1127 625 1186 retineatur,
646 1126 674 1172 in
691 1140 747 1174 rem
763 1126 866 1185 quidem
882 1128 951 1174 aetio
970 1141 1018 1186 pro
1029 1128 1105 1175 modo
1117 1130 1171 1174 fru-

331 1194 411 1243 menti
431 1194 552 1251 cuiusque
569 1194 708 1257 competit,
730 1194 840 1242 arbitrio
851 1199 936 1243 autem
947 1195 1041 1242 iudicis
1052 1197 1171 1245 eontine-

332 1266 391 1323 tur,
413 1265 443 1306 ut
457 1261 513 1321 ipse
528 1261 660 1324 aestimet,
681 1264 758 1321 quale
775 1264 897 1323 cuiusque
916 1264 1073 1310 frumentum
1083 1265 1171 1312 fucrit.

331 1333 356 1392 p.
368 1333 409 1387 Ἀθ.
431 1329 494 1376 Cum
511 1329 538 1375 in
549 1343 596 1377 suo
608 1330 666 1377 snio
677 1331 772 1391 aliquis
784 1345 818 1378 ex
830 1332 916 1377 aliena
927 1332 1038 1378 materia
1053 1331 1173 1381 aedifica-

332 1398 414 1458 verit,
425 1396 481 1454 ipse
492 1396 652 1457 intelligitur
662 1399 781 1445 dominus
793 1399 919 1459 aedilicii,
934 1399 994 1456 quia
1004 1414 1095 1459 omne,
1107 1399 1173 1457 quod

330 1464 521 1526 mundificetur,
531 1466 589 1513 solo
603 1467 680 1513 cedit.
710 1469 765 1515 Nec
776 1472 863 1514 tamen
875 1468 933 1515 idco
945 1466 983 1529 is,
995 1468 1038 1525 qui
1049 1469 1174 1515 materiae

295 1588 299 1593 ὁ
333 1532 451 1581 dominus
470 1533 569 1593 fuerat,
593 1534 690 1580 desinit
709 1534 828 1582 dominus
840 1535 896 1582 cius
908 1548 979 1595 esse,
990 1536 1035 1583 sed
1046 1536 1174 1596 tantisper

333 1613 418 1657 neque
436 1599 570 1647 vindicare
587 1615 644 1648 eam
654 1605 756 1663 potest,
777 1603 904 1659 nequead
915 1602 1088 1650 exhibendum
1102 1603 1133 1652 de
1145 1616 1175 1650 ea

333 1683 362 1716 re
373 1681 459 1727 agere,
471 1674 579 1727 propter
590 1669 674 1728 legem
685 1670 821 1717 duodecim
832 1670 987 1731 tabularum,
998 1684 1047 1728 qua
1058 1670 1174 1732 cavetur,

333 1749 368 1782 ue
383 1734 441 1792 quis
458 1736 557 1795 tignum
570 1736 684 1784 alienum
694 1738 800 1785 aedibus
811 1738 864 1784 suis
876 1738 994 1785 iunctum
1004 1737 1119 1787 eximere
1130 1752 1175 1785 co-

333 1806 411 1863 gatur
420 1834 427 1864 ,
437 1804 483 1849 sed
493 1804 599 1863 duplum
609 1818 657 1863 pro
668 1818 700 1853 eo
711 1810 825 1865 praestet
837 1820 883 1863 per
898 1804 1042 1867 actionem,
1053 1819 1118 1863 quae
1130 1820 1175 1853 vo-

334 1874 409 1918 catur
427 1870 458 1917 de
474 1871 549 1931 tigno
569 1871 681 1927 iuncte„
700 1873 887 1933 Appellatione
904 1877 992 1919 autem
1008 1873 1074 1933 tigni
1092 1875 1176 1921 omnis

334 1938 444 1985 materia
453 1937 624 2005 significatur,
636 1954 670 1989 ex
681 1954 730 2001 qua
741 1941 859 1989 aedificia
869 1940 942 1991 liunt.
962 1940 1037 1994 Quot
1048 1941 1107 1991 ideo
1114 1956 1176 2002 pro-

334 2006 418 2053 visum
428 2011 482 2067 est,
494 2021 528 2055 ue
548 2007 667 2055 aedificia
680 2009 793 2056 rescindi
805 2022 911 2056 necesse
923 2008 967 2056 sit.
998 2009 1078 2056 Sedsi
1091 2010 1178 2068 altqm

333 2087 368 2124 ex
379 2086 457 2121 causa
467 2074 582 2125 ductum
592 2076 628 2121 sit
638 2076 791 2138 aedilicium,
803 2076 902 2136 poterit
912 2076 1037 2124 materiae
1048 2076 1176 2140 dominus,

333 2142 356 2189 si
369 2155 421 2188 nou
433 2142 514 2190 tuerit
526 2142 632 2201 duplum
641 2144 691 2191 iam
702 2149 870 2207 persecutus,
891 2150 954 2190 tunc
966 2158 1022 2191 eam
1033 2144 1176 2207 vindicare,

333 2209 408 2258 etad
426 2210 599 2257 exhibendum
616 2211 647 2258 dc
664 2226 695 2259 aa
711 2226 740 2259 re
756 2226 842 2272 agere.
874 2214 898 2274 θ.
917 2214 958 2260 30.
975 2212 1017 2260 Ex
1029 2213 1142 2275 diuerso,
1154 2214 1176 2260 si

333 2278 391 2335 quis
401 2277 429 2323 in
440 2277 529 2325 alieno
540 2278 598 2325 solo
609 2292 657 2325 aua
665 2280 776 2327 materia
788 2281 891 2327 domum
900 2280 1093 2341 aedificaverit,
1104 2282 1176 2329 illius

331 2345 362 2392 tit
372 2345 476 2407 domus,
488 2347 563 2392 euius
575 2351 601 2393 et
611 2348 696 2395 solum
707 2350 755 2395 cst.
798 2349 849 2396 Sed
860 2349 909 2396 hoc
921 2362 981 2395 casu
992 2351 1118 2397 materiae
1130 2350 1176 2396 do-

332 2413 418 2458 minus
430 2413 620 2473 proprietatem
630 2414 687 2462 eins
698 2414 812 2478 amittit,
832 2416 894 2475 quia
913 2417 1051 2464 voluntate
1067 2417 1123 2465 eius
1135 2418 1177 2464 in-

333 2479 464 2540 telligitur
484 2482 614 2544 minuata,
634 2483 723 2541 utique
736 2484 759 2530 si
769 2498 825 2533 non
835 2484 973 2544 ignorabat
980 2518 988 2551 ,
1009 2487 1077 2534 sein
1088 2485 1176 2533 alieno

331 2548 391 2595 solo
402 2548 556 2607 aedificare3
568 2554 595 2596 et
605 2549 683 2613 ideo,
703 2551 767 2599 licet
777 2553 864 2599 diruta
875 2552 910 2598 sit
921 2551 1010 2599 domus
1017 2586 1026 2615 ,
1042 2553 1177 2601 materiam
1196 2578 1197 2581 ¹

332 2617 420 2662 tamen
432 2616 566 2671 vindicare
576 2629 630 2664 uon
640 2622 738 2678 potest.
755 2620 832 2668 Certe
841 2620 908 2667 iilud
919 2624 1031 2682 constat,
1042 2621 1065 2668 si
1076 2621 1176 2680 inpos-

333 2684 451 2733 sessione
462 2684 607 2731 constituto
618 2686 787 2736 aedificatore
801 2689 851 2736 soli
864 2687 985 2743 domiuus
996 2689 1176 2749 petatdomum

333 2765 405 2799 suam
416 2764 482 2813 esse,
493 2767 542 2799 uec
552 2753 639 2803 solvat
650 2755 763 2814 pretium
773 2756 899 2805 materiae
912 2759 939 2803 et
949 2758 1081 2805 mercedes
1087 2758 1176 2807 tabra-

332 2832 404 2883 rum,
422 2833 499 2879 posse
509 2834 567 2869 eum
578 2835 625 2881 per
635 2823 818 2882 exceptionem
828 2820 884 2871 doli
896 2820 959 2871 mali
969 2825 1076 2888 repelli,
1086 2826 1176 2883 utique

333 2887 356 2935 si
368 2888 451 2935 bonae
460 2887 520 2936 fidei
532 2891 812 2954 possessorfuerit,qui
820 2890 976 2940 aedificarit.
996 2894 1062 2940 Nam
1072 2894 1175 2955 scienti,

333 2955 446 3005 alienum
457 2957 542 3003 salum
552 2971 624 3021 esse,
636 2962 723 3023 potest
734 2960 813 3007 obiici
824 2958 910 3019 culpa,
921 2960 990 3017 quod
1000 2960 1177 3009 aedificaverit

333 3029 431 3071 temere
442 3023 470 3071 in
481 3037 512 3073 eo
523 3025 597 3089 solo,
618 3028 686 3085 quod
697 3027 861 3086 intelligeret
871 3027 986 3074 aliesmm
998 3042 1063 3076 esse.
1095 3031 1119 3091 ἦ.
1133 3031 1174 3075 31.

332 3090 362 3137 ai
373 3091 459 3137 Titius
470 3092 584 3141 ahenam
593 3095 711 3153 plantam
723 3096 750 3143 in
761 3095 819 3142 solo
831 3108 877 3141 sua
885 3095 1013 3157 posuerit,
1019 3095 1174 3156 ipsiuserit3

333 3161 360 3206 et
377 3173 410 3205 ex
427 3159 543 3221 diverso,
565 3162 587 3208 ai
599 3163 684 3210 Titius
703 3177 777 3215 snam
788 3164 903 3225 plantam
914 3164 942 3211 in
952 3164 1049 3211 llinerii
1061 3165 1117 3211 solo
1129 3177 1176 3223 po-

333 3226 427 3287 suerit,
448 3228 545 3274 Maeuii
565 3229 656 3286 planta
676 3231 741 3292 erit,
763 3230 992 3287 simodoutroque
1005 3231 1176 3279 moreliner
1196 3226 1197 3273 Ῐ

331 3294 423 3353 egerit.
435 3295 503 3359 riute
514 3295 585 3343 euim
593 3298 780 3358 quam,radieas
788 3295 880 3362 egerit,
888 3298 1093 3361 eiuspermanet,
1102 3299 1176 3345 cuius

332 3365 359 3408 et
375 3361 468 3409 tuerat.
501 3364 573 3411 Adeo
592 3369 679 3413 autem
697 3379 733 3415 ex
751 3380 783 3417 eo
794 3371 925 3428 tempore,
946 3377 996 3423 quo
1011 3366 1112 3413 radices
1122 3366 1176 3425 egit

331 3429 437 3489 planta,
448 3430 596 3489 proprietas
608 3432 665 3479 eim
676 3437 863 3494 commutatur,
874 3436 912 3492 ut,
922 3433 946 3480 si
957 3432 1038 3480 vicini
1050 3433 1127 3479 arbor
1138 3433 1176 3478 ita
1191 3488 1196 3497 Ι

331 3497 429 3541 terram
447 3496 512 3543 Titii
528 3499 669 3561 presserit,
689 3503 719 3547 ut
734 3501 764 3547 iu
779 3500 835 3549 eius
851 3500 958 3549 fundum
970 3500 1071 3546 radices
1082 3500 1175 3560 egerit,

333 3560 398 3608 Titii
410 3562 475 3609 etllci
487 3564 605 3612 arborem
616 3566 746 3627 dicamus,
765 3567 835 3617 ratio
846 3568 916 3615 enim
926 3581 980 3615 nou
992 3567 1133 3628 permittit,
1145 3572 1175 3614 ut

332 3626 441 3676 alterius
451 3632 529 3679 artior
540 3646 596 3680 esse
608 3633 786 3697 intelligatur,
806 3649 880 3693 quam
892 3636 965 3683 cuius
976 3636 1004 3682 in
1016 3634 1123 3682 fundum
1132 3644 1175 3682 ra-

332 3695 402 3747 dices
419 3698 524 3757 egisset.
555 3698 590 3747 Et
608 3701 667 3750 ideo
686 3717 767 3762 prope
783 3702 924 3750 confinium
941 3704 1019 3752 arbor
1028 3703 1131 3766 posita,
1152 3701 1175 3749 si

332 3764 409 3812 etiam
420 3765 448 3812 in
459 3766 539 3815 ricini
549 3768 656 3817 fundum
667 3770 767 3818 radices
778 3771 870 3835 egerit,
883 3772 1025 3818 communis
1036 3772 1073 3819 nt.
1097 3774 1120 3834 ἦ.
1133 3773 1174 3819 ³2.

331 3831 389 3884 tina
399 3834 502 3884 ratione
513 3839 600 3883 autem
610 3838 731 3900 plantae,
752 3852 816 3897 quae
828 3842 915 3888 terrae
927 3839 1077 3887 canescunt
1085 3873 1105 3902 ,A
1116 3834 1174 3886 solo

331 3898 443 3962 cedunt,
463 3904 552 3951 eadem
566 3905 671 3955 ratione
688 3907 819 3955 frumema
829 3921 943 3965 quoque,
964 3920 1029 3965 quae
1039 3912 1096 3954 sata
1105 3910 1174 3969 sunt,

331 3965 389 4013 solo
400 3969 491 4017 cedere
503 3970 697 4033 intelliguntur.
730 3976 852 4023 ceterum
863 3976 931 4023 sicut
942 3975 980 4036 is,
992 3976 1035 4033 qui
1048 3976 1074 4023 in
1087 3976 1174 4025 alieno

328 4033 387 4081 solo
398 4035 582 4102 aedificaverit,
594 4042 617 4089 si
628 4042 659 4089 ab
671 4056 702 4091 co
713 4042 834 4092 dominus
845 4046 917 4103 petat
924 4043 1174 4105 aedilicium,delen-

330 4101 356 4148 di
368 4108 456 4162 potest
467 4119 513 4163 per
524 4109 708 4168 exceptionem
719 4111 773 4157 doli
786 4110 848 4159 mali
860 4111 1000 4159 secundum
1012 4126 1123 4175 ea,quse
1134 4110 1174 4158 di-

327 4169 429 4232 ximus,
452 4172 490 4220 ita
506 4174 623 4224 eiusdem
640 4179 807 4239 exceptionis
824 4179 926 4227 anxilio
938 4182 1010 4227 tutus
1021 4193 1077 4228 esse
1087 4182 1193 4240 potest·

327 4238 365 4299 ia,
386 4239 430 4296 qui
447 4240 562 4289 alienum
578 4245 685 4294 fundum
701 4260 749 4293 sua
766 4247 882 4306 impensa
892 4247 960 4296 bona
970 4247 1019 4294 lide
1031 4247 1172 4295 conseruit.

328 4308 352 4368 p.
365 4308 406 4354 33.
425 4308 541 4359 Litterae
551 4325 666 4375 quoqne,
687 4314 750 4362 licet
762 4329 857 4364 aureae
868 4315 937 4377 sint,
957 4315 1065 4376 perinde
1077 4316 1173 4363 chartis
1189 4346 1193 4351 υ

326 4376 532 4435 mernbranisquc
542 4380 690 4442 cedunt,*ae
702 4382 760 4431 sola
771 4383 862 4431 cedere
874 4383 961 4431 solent
973 4397 1012 4443 ea,
1024 4397 1089 4442 quac
1100 4385 1173 4431 inae-

327 4442 467 4493 difieantur
483 4449 529 4492 aut
547 4447 717 4508 inseruntur;
739 4451 849 4508 ideoque
865 4451 887 4499 si
901 4452 928 4497 in
940 4452 1036 4498 chartis
1047 4452 1173 4501 membra-

327 4510 401 4558 nisve
413 4512 465 4558 tais
478 4527 581 4565 carmen
594 4514 637 4564 rel
647 4516 782 4565 historiam
795 4520 836 4568 rel
848 4519 995 4568 orationem
1006 4518 1092 4569 Titius
1108 4520 1173 4567 scri-

346 4578 419 4655 tetit,
430 4580 506 4629 lanius
518 4583 636 4643 corporis
647 4598 701 4631 uon
713 4585 815 4648 Titius,
835 4589 881 4637 sed
893 4591 920 4634 tu
931 4586 1053 4635 dominus
1065 4602 1121 4635 esse
1133 4587 1172 4634 ri·
1188 4612 1191 4621 =

361 4657 406 4721 ¹¹⁸:
439 4646 489 4695 Sed
500 4651 523 4697 si
534 4666 550 4698 a
560 4651 632 4703 Titio
644 4657 718 4712 petas
729 4655 789 4702 tuos
799 4654 883 4705 libros
894 4659 986 4703 tuasre
1003 4657 1172 4717 membranas,
1187 4686 1191 4697 .

327 4723 376 4789 nec
390 4726 520 4770 impensas
531 4720 678 4780 scripturae
689 4719 793 4771 solvere
804 4729 909 4782 paratus
920 4725 965 4787 sis,
977 4725 1076 4783 poterit
1087 4735 1114 4772 se
1124 4722 1172 4770 'l'i-
1186 4730 1190 4745 ·

329 4782 382 4824 *¹¹¹⁸
393 4778 532 4831 defendere
542 4801 589 4844 ner
599 4790 782 4851 exceptionem
792 4791 844 4838 doli
856 4792 931 4856 maii,
948 4792 1040 4851 utique
1051 4793 1073 4839 si
1084 4803 1172 4838 aarum

328 4844 476 4895 Charinum
486 4854 722 4906 membranarumve
734 4859 925 4919 possessionem
937 4864 1004 4908 bona
1018 4860 1068 4907 tide
1079 4861 1172 4906 nactus

328 4917 377 4966 esi.
409 4913 433 4978 i.
448 4917 489 4967 dl.
511 4922 541 4967 Si
553 4924 612 4980 quis
621 4926 650 4973 in
661 4926 748 4975 aliena
760 4925 849 4974 tabula
859 4928 992 4989 pinxerit,
1010 4927 1112 4985 quidam
1123 4939 1172 4985 pn-

329 4989 388 5033 tant
398 4986 511 5034 tabulam
523 4988 640 5047 picturae
650 4995 759 5058 cedere,
776 4994 836 5043 aliis
847 4996 950 5045 videtur
959 4996 1097 5056 picturam,
1108 5007 1172 5052 qua,

328 5053 466 5113 liscunque
485 5055 534 5117 sit,
556 5058 660 5108 tabulae
677 5062 782 5121 cedere,
806 5063 851 5110 sed
870 5065 947 5112 uobis
964 5063 1171 5111 sidctnrmelius

328 5134 395 5183 csse,
407 5122 521 5171 tabulam
530 5123 649 5183 picturae
662 5128 762 5176 cedere.
783 5130 932 5180 Ridiculum
943 5135 984 5181 est
995 5133 1073 5193 enim,
1084 5131 1171 5193 pietu-

327 5203 382 5239 rasu
393 5190 494 5249 Apellis
511 5192 554 5240 vel
564 5194 695 5240 Parrhasii
711 5195 739 5241 in
755 5198 930 5248 accessionem
940 5201 1083 5248 vilissimae
1095 5201 1171 5249 tabu-

326 5255 369 5305 lae
385 5259 484 5307 cedere.
506 5261 579 5308 Unde
599 5261 623 5308 si
646 5274 661 5307 a
682 5262 788 5313 domina
812 5267 915 5315 tabulae
931 5269 1069 5329 imaginem
1086 5269 1170 5327 possi-

328 5325 444 5390 denteis,
456 5327 500 5386 qui
512 5328 675 5389 pinxit,easn
687 5334 767 5391 petat,
779 5345 827 5381 nec
836 5334 923 5381 solvat
933 5336 1046 5395 pretium
1058 5336 1169 5399 tabulae,

326 5395 426 5456 poterit
444 5408 491 5455 per
508 5397 692 5457 exceptionem
706 5397 762 5444 doli
781 5401 842 5447 mali
855 5402 1020 5450 summoueri.
1061 5405 1096 5449 st
1107 5403 1169 5465 siis,

326 5463 371 5520 qui
383 5463 480 5526 pinxit,
492 5466 634 5527 possideat,
647 5478 808 5523 consequens
819 5471 867 5531 est,
880 5472 909 5515 ut
920 5469 995 5517 utilis
1006 5468 1075 5517 actio
1087 5470 1170 5517 domi-

326 5543 362 5579 uo
374 5532 477 5580 tabulae
487 5533 610 5581 adrersus
621 5546 680 5581 eum
693 5532 784 5592 detur;
796 5548 847 5594 qno
859 5550 919 5585 casu
931 5537 953 5584 si
964 5551 1019 5589 stou
1028 5537 1114 5585 soleat
1122 5538 1170 5586 im-

326 5613 433 5661 pensam
444 5600 570 5661 picturae,
581 5602 680 5663 poterit
690 5613 737 5660 per
746 5604 930 5663 exceptionem
937 5604 991 5651 doli
999 5604 1060 5655 maii
1068 5607 1170 5669 repelli,

326 5667 417 5726 utique
428 5670 449 5716 si
461 5668 587 5717 bonafide
598 5682 733 5729 possessor
751 5671 831 5719 inerit
846 5672 906 5734 ille,
926 5672 971 5730 qui
982 5674 1109 5732 picturam
1122 5674 1170 5721 im-

325 5737 424 5794 posuit.
456 5737 523 5786 lllud
534 5736 604 5786 enim
615 5738 700 5796 palam
711 5740 764 5801 est,
785 5740 867 5800 quod,
889 5739 945 5789 sive
958 5740 996 5803 is,
1016 5742 1060 5799 qui
1072 5742 1170 5803 pinxit,

327 5804 457 5865 surripuit
468 5806 597 5866 tabulam,
607 5805 663 5854 sive
673 5804 744 5853 alius
750 5838 759 5867 ,
771 5805 896 5866 competit
906 5807 1013 5857 domino
1024 5810 1171 5859 tabularum

666 377 775 432 INST.
795 377 835 429 ΙΙ.
855 375 878 428 l.
898 376 954 431 DE
973 374 1126 431 RERUM
1142 375 1368 432 Divisionum
1385 376 1441 430 ΕΤ
1460 376 1717 443 annutritus.

1202 540 1205 547 ⁴
1222 519 1287 568 furti
1307 518 1385 568 actio.
1415 521 1439 579 ς.
1453 520 1493 565 35.
1514 519 1542 565 Si
1553 518 1611 576 quis
1621 531 1636 566 a
1647 531 1701 565 non
1713 516 1833 576 domino,
1845 530 1919 574 quem
1926 517 2064 568 domnam

1223 602 1279 635 esse
1290 585 1442 647 crediderit,
1456 585 1524 633 bona
1533 586 1584 633 fide
1595 587 1702 632 fundum
1712 585 1811 645 emerit,
1823 584 1864 631 rel
1875 598 1909 633 ex
1920 584 2065 635 donatione

1223 655 1308 703 aliare
1319 650 1432 711 qualibet
1444 654 1513 703 iusta
1521 667 1599 701 esum
1608 667 1688 710 aeque
1700 652 1826 701 bonafide
1838 653 1978 713 acceperit,
1987 659 2065 701 uatu-

1222 723 1273 770 rali
1289 722 1393 768 ratione
1409 720 1508 779 placuit
1519 722 1634 783 fructus,
1657 734 1720 779 quos
1733 719 1861 782 percepit,
1882 720 1938 767 eius
1949 736 2007 770 esse
2018 736 2065 782 pro

1224 790 1363 837 culturaet
1375 801 1451 845 cura3
1473 793 1500 834 et
1519 788 1578 835 ideo
1595 789 1616 834 si
1637 792 1728 847 postea
1744 788 1862 835 dominus
1873 790 2066 856 supervenerit,

1223 861 1250 905 ct
1261 856 1368 903 fundum
1378 855 1501 917 vindicet,
1509 856 1539 903 de
1550 856 1678 902 fructibus
1689 856 1719 902 als
1731 870 1761 903 eo
1774 855 1917 902 consumtis
1927 871 2065 916 agerenon

1224 927 1320 985 potest.
1352 923 1385 969 Ei
1404 935 1482 985 vero,
1502 923 1545 982 qui
1562 923 1677 971 alienum
1692 924 1800 970 fundum
1815 924 1900 970 sciens
1911 925 2065 988 possederit,

1225 1006 1278 1039 nou
1290 991 1359 1038 idem
1369 1003 1519 1038 concessum
1530 995 1583 1051 est,
1605 992 1693 1048 itaque
1704 1005 1761 1038 eum
1773 992 1854 1038 fundo
1867 992 1944 1041 etiam
1955 994 2066 1056 fructus,

1224 1061 1287 1108 licet
1299 1057 1427 1105 consumti
1440 1058 1502 1121 sint,
1514 1059 1617 1117 cogitur
1629 1059 1776 1106 restituere.
1809 1062 1832 1120 d.
1847 1061 1888 1105 36.
1901 1062 1937 1115 ls,
1947 1060 1980 1106 ad
1992 1074 2066 1117 quem

1225 1128 1390 1177 ususfructus
1407 1126 1481 1172 fundi
1499 1128 1628 1188 pertinet,
1649 1141 1702 1174 non
1714 1127 1792 1174 aliter
1803 1128 1934 1175 fructuum
1945 1127 2067 1176 dominus

1225 1196 1349 1256 eflicitur,
1361 1208 1435 1252 quam
1449 1194 1471 1239 si
1483 1194 1538 1253 ipse
1550 1209 1595 1241 eos
1606 1195 1765 1255 perceperit,
1777 1198 1804 1241 et
1816 1195 1873 1241 idco
1885 1194 1946 1242 licet
1960 1197 2068 1244 maturis

1225 1264 1366 1323 fructibus,
1377 1262 1492 1309 nondum
1503 1268 1588 1308 tamen
1598 1263 1727 1323 perceptis
1739 1263 1892 1324 decesserit,
1904 1263 1936 1309 ad
1947 1263 2069 1312 heredem

1226 1332 1282 1379 eius
1299 1344 1353 1377 non
1370 1330 1518 1389 pertinent,
1535 1331 1580 1377 scd
1592 1331 1695 1377 domino
1706 1327 1875 1391 proprietatis
1887 1331 2066 1388 acquiruntur.

1226 1398 1387 1449 Eademlere
1398 1402 1424 1444 ct
1435 1399 1466 1445 de
1478 1396 1573 1445 colono
1586 1398 1717 1445 dicuntur.
1739 1400 1762 1459 β.
1775 1400 1816 1444 dt.
1829 1400 1860 1443 ln
1873 1399 2001 1458 pecudum
2013 1401 2068 1445 [ru-
2143 1394 2148 1405 “

1227 1471 1270 1514 ctu
1282 1466 1361 1514 etiam
1372 1467 1457 1513 faetus
1469 1470 1508 1514 est
1517 1499 1532 1527 ,⁷
1545 1466 1613 1514 sicut
1623 1467 1679 1529 lac,
1698 1465 1747 1526 pili
1759 1469 1785 1513 et
1795 1466 1864 1513 lana.
1896 1468 1987 1525 ltaque
1998 1466 2069 1530 agni,

1225 1534 1303 1582 hoedi
1313 1567 1320 1595 ,
1332 1537 1358 1580 et
1370 1533 1466 1595 vituli,
1483 1538 1511 1582 at
1522 1534 1609 1591 equuli
1616 1568 1623 1597 ,
1640 1538 1665 1581 et
1677 1534 1776 1582 sacculi
1786 1535 1874 1581 statim
1886 1534 2003 1581 naturali
2014 1534 2068 1582 iure

1228 1602 1342 1649 dominio
1359 1601 1498 1648 fructuarii
1512 1605 1581 1648 sunt.
1613 1602 1706 1649 Partus
1726 1615 1787 1648 sero
1804 1601 1915 1648 ancillae
1934 1602 1964 1648 in
1982 1603 2067 1649 fructu

1227 1684 1281 1716 non
1292 1672 1340 1731 est,
1351 1669 1438 1726 itaque
1449 1669 1481 1716 ad
1491 1668 1623 1717 dominum
1634 1669 1802 1731 proprietatis
1813 1669 1936 1728 pertinet.
1971 1670 2068 1718 Absur-

1228 1739 1287 1784 dum
1298 1737 1368 1783 enim
1381 1735 1526 1799 ridebatur,
1538 1739 1670 1786 hominem
1681 1740 1708 1785 in
1720 1739 1806 1784 fructu
1820 1751 1971 1798 esse,quum
1979 1750 2068 1787 omncs

1227 1806 1328 1853 fructus
1344 1819 1432 1852 rerum
1444 1806 1937 1867 ueturahominisgratiacomparavit.
1981 1808 2004 1867 d.
2028 1808 2068 1853 38.

1228 1873 1279 1920 Sed
1288 1874 1311 1919 si
1322 1872 1409 1934 gregis
1420 1874 1607 1920 usumfructum
1619 1875 1676 1932 quis
1686 1873 1793 1934 habeat,
1814 1874 1842 1919 in
1862 1874 1950 1920 locum
1968 1874 2070 1921 demor-

1228 1945 1335 1988 tuorum
1351 1939 1464 2000 capitum
1480 1955 1514 1990 cx
1525 1942 1597 1988 factu
1609 1941 1767 1995 fructuarius
1779 1941 1930 1989 submittere
1941 1942 2019 1989 debet
2030 1941 2070 2004 (ut

1228 2008 1330 2056 loliano
1342 2008 1426 2055 risum
1436 2008 1488 2069 est)
1495 2043 1502 2072 ,
1514 2013 1540 2056 et
1551 2009 1579 2055 in
1590 2009 1725 2057 vinearum
1736 2010 1927 2057 demortuarum
1938 2011 1982 2056 rel
1994 2011 2069 2056 arbo-

1227 2090 1285 2124 rum
1296 2078 1382 2124 locum
1393 2076 1459 2123 alias
1471 2078 1546 2124 debet
1556 2078 1729 2138 substituere,
1751 2080 1821 2125 recle
1838 2078 1907 2125 enim
1919 2078 2023 2139 colere,
2044 2080 2071 2124 et

1229 2145 1585 2205 quasibnnuspatcrfamilias
1593 2147 1633 2193 uti
1641 2146 1724 2197 debet.
1746 2148 1768 2206 p.
1782 2147 1822 2192 39.
1834 2146 1994 2207 Thesauros,
2006 2158 2071 2204 quos

1230 2213 1337 2271 quisque
1348 2214 1375 2259 in
1386 2226 1434 2259 suo
1446 2212 1504 2260 loco
1513 2214 1653 2276 inuenerit,
1664 2214 1739 2260 dirus
1750 2212 1912 2273 Hadrianus,
1923 2215 2071 2260 naturalem

1228 2281 1386 2338 aequitatem
1396 2284 1510 2343 secutus,
1533 2282 1556 2329 ei
1569 2282 1707 2343 coricessit,
1730 2280 1775 2339 qui
1788 2282 1929 2342 invenerit,
1951 2282 2072 2339 idemque

1228 2349 1331 2409 statuit,
1342 2348 1364 2395 si
1376 2348 1431 2407 quis
1442 2349 1470 2395 in
1481 2362 1554 2396 sacro
1566 2354 1612 2396 ant
1622 2349 1749 2409 religioso
1761 2348 1820 2395 loco
1833 2349 1943 2395 fortuito
1957 2363 2018 2395 cusu
2030 2349 2070 2395 in·

1229 2417 1339 2464 venerit.
1371 2417 1405 2464 nt
1417 2417 1438 2462 si
1451 2417 1509 2475 quis
1521 2417 1548 2463 iu
1560 2418 1647 2465 alieno
1659 2418 1732 2477 loco,
1743 2431 1796 2467 non
1808 2418 1868 2462 duta
1879 2417 1911 2463 ad
1921 2417 1971 2463 hoc
1983 2429 2071 2477 opera,
2167 2478 2168 2481 Ἴ

1228 2485 1273 2531 sed
1284 2484 1394 2533 lomuito
1407 2484 1554 2547 invenerit,
1572 2484 1705 2532 dinsidium
1716 2484 1849 2532 inventori
1859 2518 1865 2545 ‚
1877 2484 2014 2530 dimidium
2024 2484 2071 2530 do·
2167 2534 2168 2541 χ

1228 2551 1301 2599 mino
1318 2536 1370 2599 sili
1383 2553 1520 2600 concessit.
1561 2553 1598 2599 Et
1610 2554 1797 2601 corrrenienter
1807 2553 1828 2598 si
1841 2553 1897 2610 quis
1909 2552 1938 2599 ln
1948 2550 2071 2599 Caesaris

1227 2620 1287 2669 loco
1304 2620 1453 2683 invenerit,
1473 2618 1606 2668 dimidium
1624 2622 1786 2681 intentoris,
1807 2620 1939 2668 dimidium
1951 2617 2071 2667 Caesaris

1228 2702 1284 2737 esse
1296 2689 1398 2735 statuit.
1420 2688 1468 2735 Cui
1480 2689 1640 2736 cosrreniens
1653 2692 1701 2747 est,
1713 2695 1751 2753 nt,
1763 2690 1784 2735 si
1796 2689 1854 2746 quis
1865 2688 1892 2734 ia
1904 2688 1988 2735 fiscali
2000 2689 2070 2757 mco,
2167 2730 2168 2744 ,

1228 2756 1270 2804 sel
1281 2757 1400 2817 publico,
1421 2756 1463 2804 sel
1473 2757 1588 2805 civitatis
1600 2757 1744 2819 invenerit,
1765 2756 1899 2805 dimidium
1911 2755 1994 2816 ipsius
2005 2768 2071 2817 esse,

1228 2823 1362 2871 dimidium
1372 2824 1427 2871 fisci
1439 2825 1480 2871 rel
1495 2825 1619 2873 civitatis.
1642 2828 1665 2886 d.
1677 2829 1718 2873 lli.
1730 2826 1781 2873 Per
1793 2824 2071 2882 traditionemquoqne

1227 2891 1285 2939 iure
1295 2893 1410 2940 staturali
1426 2906 1468 2939 res
1479 2893 1555 2939 nobis
1566 2893 1744 2952 acquiruntur.
1781 2892 1853 2940 Nihil
1864 2893 1933 2939 enim
1945 2896 1997 2939 tam
2008 2904 2071 2939 con-

1228 2959 1337 3008 veniens
1354 2964 1393 3008 cst
1411 2960 1527 3007 naturali
1539 2961 1678 3022 aequitati,
1699 2975 1774 3019 quam
1787 2961 1950 3008 voluntatem
1961 2958 2070 3020 domini,

1228 3028 1343 3075 solentis
1362 3042 1416 3075 rem
1433 3028 1544 3075 suumin
1555 3028 1636 3077 alium
1647 3031 1803 3090 transferre,
1824 3032 1908 3076 ratam
1919 3028 2023 3086 haberi3
2044 3030 2070 3073 et
2167 3074 2168 3083 ,

1228 3096 1288 3143 ideo
1306 3097 1482 3154 cuiuscunque
1498 3097 1601 3155 perieris
1616 3096 1652 3144 sit
1670 3096 1814 3157 corporalis
1832 3109 1874 3142 res
1892 3095 1959 3143 tradi
1971 3097 2069 3155 potest.

1228 3164 1395 3213 etadomino
1406 3164 1502 3211 tradita
1512 3164 1652 3213 alienatur.
1684 3163 2069 3223 ltaquestipendiariaquoque
2109 3188 2113 3197 ·
2167 3205 2168 3219 ,

1228 3235 1255 3278 et
1272 3228 1411 3279 tributaria
1420 3230 1526 3292 praedia
1541 3233 1631 3281 eodem
1648 3232 1726 3283 modo
1745 3232 1903 3279 alienantur.
1934 3231 2069 3276 Vocantur

1228 3300 1315 3345 autem
1325 3299 1495 3358 stipendiaria
1507 3301 1682 3347 et'tribntaria
1693 3298 1805 3359 praedia,
1818 3312 1883 3354 quse
1891 3295 2069 3357 inprosinciis
2167 3314 2168 3359 3

1228 3370 1304 3423 sunt;
1317 3367 1387 3411 iuter
1398 3378 1470 3425 quae,
1482 3376 1530 3409 nee
1541 3377 1594 3411 uon
1606 3370 1631 3411 et
1641 3363 1735 3411 italica
1743 3364 1846 3421 praedia
1857 3378 1892 3411 ex
1903 3370 1996 3412 nostra
2006 3368 2068 3412 con'·

1227 3432 1367 3478 stitutione
1383 3430 1457 3476 nulla
1473 3430 1513 3475 est
1531 3429 1689 3476 differentia.
1721 3430 1772 3476 Sed
1789 3428 1812 3473 si
1830 3430 1933 3488 quidem
1944 3445 1978 3479 ex
1991 3443 2071 3479 causa
2167 3428 2168 3484 i

1228 3497 1388 3560 donationis,
1400 3500 1444 3543 aut
1456 3494 1533 3558 dotis,
1545 3501 1590 3542 aut
1601 3497 1715 3554 'qualibet
1725 3496 1777 3541 alia
1787 3509 1820 3543 ex
1832 3508 1910 3544 causa
1921 3497 2071 3559 tradantur,
2167 3542 2168 3553 ,

1227 3567 1284 3614 sine
1295 3565 1373 3612 dubio
1384 3563 1586 3612 transferuntur.
1618 3567 1641 3627 p.
1654 3566 1694 3610 tl.
1711 3562 1839 3613 venditae
1850 3576 1912 3611 rere
1922 3577 1964 3610 res
1976 3572 2003 3611 et
2014 3567 2071 3613 tra-

1227 3635 1297 3683 ditae
1312 3646 1366 3680 uan
1383 3632 1462 3680 aliter
1477 3632 1571 3680 emtori
1583 3632 1760 3695 acquiruntur,
1782 3631 1888 3690 quamsi
1899 3630 2071 3681 iarenditori

1226 3701 1339 3763 pretium
1350 3700 1473 3763 solverit,
1487 3700 1600 3748 relatio
1611 3701 1687 3749 modo
1699 3701 1723 3748 ei
1735 3700 1906 3761 satisfecerit,
1924 3701 2010 3755 relati
2022 3714 2070 3750 ex-

1226 3769 1383 3831 promissore
1394 3774 1440 3816 aut
1451 3768 1560 3828 pignore
1571 3769 1640 3816 dato.
1671 3767 1749 3822 Quod
1759 3772 1865 3817 caretur
1876 3768 1979 3826 quidem
1990 3771 2071 3818 etiam

1222 3839 1285 3899 iege
1296 3838 1431 3886 duodecim
1442 3836 1599 3897 tabularum,
1612 3841 1697 3885 tamen
1707 3840 1778 3885 recte
1789 3837 1886 3885 dieitur
1897 3840 1923 3883 et
1935 3837 1994 3884 iure
2006 3851 2086 3898 gen·-

1225 3908 1300 3970 tium,
1312 3907 1339 3954 id
1351 3910 1391 3954 est
1403 3904 1461 3953 iura
1471 3905 1594 3968 naturali,
1606 3906 1632 3953 id
1643 3903 1719 3953 ellici.
1748 3904 1798 3953 Sed
1808 3904 1831 3951 si
1843 3904 1874 3967 is,
1885 3904 1929 3961 qut
1941 3905 2072 3966 vendidit,

1226 3975 1301 4023 fldem
1311 3974 1417 4023 emtoris
1431 3977 1536 4021 secutus
1547 3977 1599 4034 est,
1611 3972 1748 4020 dicendum
1759 3976 1808 4035 est,
1821 3968 1908 4021 statim
1919 3985 1974 4020 rem
1985 3975 2072 4021 emto·

1225 4043 1263 4090 ris
1274 4043 1339 4090 lieri.
1371 4045 1395 4105 §-
1405 4045 1447 4089 42.
1467 4040 1540 4089 Nilsil
1551 4046 1638 4089 autem
1649 4041 1772 4102 interest,
1784 4044 1872 4088 utrum
1883 4041 1937 4099 ipse
1949 4042 2071 4093 dominus

1226 4111 1313 4159 medat
1322 4110 1477 4172 aliculrem,
1488 4123 1522 4157 an
1532 4110 1668 4157 voluntate
1679 4110 1736 4156 eins
1748 4109 1824 4172 allus,
1836 4108 1877 4156 eui
1889 4108 1947 4156 eius
1956 4111 1996 4159 rei
2010 4122 2071 4172 pos-
2167 4166 2168 4181 3

1225 4176 1309 4227 sessio
1319 4178 1445 4239 permissa
1454 4179 1498 4225 sit.
1530 4179 1553 4239 p.
1566 4180 1607 4226 43.
1631 4177 1688 4232 Qua
1697 4177 1815 4239 ratione,
1824 4174 1848 4223 si
1860 4176 1903 4223 eui
1913 4177 1997 4226 libera
2009 4178 2070 4227 uni-

1226 4260 1361 4295 versorum
1381 4246 1549 4307 negotiorum
1570 4245 1764 4293 administratio
1785 4259 1801 4292 a
1820 4245 1925 4292 domina
1942 4248 2071 4306 permissa

1226 4315 1319 4377 luerit,
1340 4314 1413 4372 isque
1430 4327 1463 4363 ex
1479 4314 1520 4361 nis
1535 4314 1651 4373 negotiis
1661 4328 1716 4361 rem
1727 4312 1874 4361 vendiderit
1884 4316 1912 4360 et
1921 4314 2070 4376 tradiderit,

1225 4383 1289 4430 lacit
1300 4395 1355 4430 eam
1366 4381 1527 4440 accipientis.
1548 4384 1571 4444 p.
1582 4384 1623 4428 tt.
1636 4383 1770 4430 interdum
1779 4382 1856 4429 etiam
1863 4381 1919 4429 siue
1927 4382 2072 4432 nannieno
2111 4388 2114 4393 '

1225 4450 1295 4498 uude
1305 4451 1427 4497 voluntas
1439 4449 1538 4497 domini
1549 4448 1645 4498 sufficit
1653 4451 1685 4497 ad
1696 4465 1752 4498 rem
1758 4450 1978 4513 transferendam,
1984 4452 2070 4500 veluti

1225 4519 1248 4566 si
1257 4530 1403 4579 remquam
1413 4517 1462 4565 tibi
1474 4517 1570 4576 aliquis
1581 4519 1763 4583 commodavit,
1775 4520 1820 4565 aut
1830 4516 1937 4580 locavit,
1944 4524 1990 4565 aut
2001 4520 2070 4581 apud

1225 4591 1251 4635 te
1263 4587 1396 4649 deposuit,
1407 4586 1555 4636 vendiderit
1566 4585 1614 4634 tilsi
1627 4593 1673 4636 aut
1683 4587 1828 4634 donaverit.
1863 4586 1987 4640 Quamvis
1999 4589 2069 4637 enirn

1224 4666 1258 4703 ex
1270 4668 1300 4702 ea
1312 4667 1390 4701 eausa
1400 4654 1447 4700 tibi
1459 4668 1515 4701 cam
1525 4668 1579 4701 non
1589 4656 1742 4718 tradiderit,
1762 4668 1795 4705 eo
1808 4658 1894 4702 minen
1906 4655 1977 4717 ipso,
2000 4655 2070 4717 quod

1223 4721 1324 4784 patitur
1336 4725 1407 4770 tuam
1417 4736 1483 4785 esse,
1491 4723 1583 4769 statim
1595 4723 1643 4770 emt
1655 4723 1965 4784 aequiriturproprietaa,
1976 4724 2067 4783 periu-

1224 4790 1255 4838 de
1266 4804 1296 4838 ac
1306 4790 1328 4837 sl
1340 4804 1371 4839 eo
1382 4792 1488 4838 nomine
1500 4790 1597 4839 tradita
1608 4791 1709 4839 tuimet.
1738 4793 1760 4853 p.
1772 4792 1813 4838 dd.
1826 4793 1889 4837 lteru
1900 4791 1922 4836 st
1933 4790 2068 4848 qulsmer-

1224 4872 1266 4906 ces
1278 4858 1306 4905 in
1317 4859 1412 4912 horreo
1424 4859 1728 4921 depositasseudiderit,
1739 4858 1895 4916 simulatque
1906 4855 1993 4906 dares
2003 4858 2067 4907 hor·
2140 4881 2142 4885 ’

1223 4927 1262 4974 rei
1279 4927 1415 4975 tradiderit
1430 4928 1539 4991 emtori,
1560 4929 1685 4975 transfert
1701 4926 1889 4989 proprietatem
1898 4926 2024 4974 mercium
2034 4924 2068 4973 ad

1223 4998 1358 5042 amtorem.
1388 4997 1412 5056 p.
1436 4997 1478 5044 46.
1499 4995 1556 5044 linc
1574 4994 1684 5057 amplius
1699 4995 1832 5043 interdum
1850 4996 1878 5042 et
1892 4993 1921 5040 lu
1938 4994 2066 5043 incertam

1223 5076 1359 5123 personam
1372 5062 1469 5111 collata
1483 5064 1605 5113 voluutas
1621 5063 1719 5111 domini
1729 5064 1857 5111 trmalert
1866 5062 1906 5109 rei
1916 5056 2066 5124 proprieta'·

1223 5135 1288 5192 tem;
1308 5135 1337 5179 ut
1348 5146 1408 5180 ecce
1418 5130 1557 5179 Praetores
1568 5131 1611 5179 rel
1619 5131 1764 5192 Consules,
1783 5131 1828 5190 qui
1844 5130 1956 5179 missilis
1966 5133 2065 5179 lactant

1223 5198 1251 5248 in
1267 5201 1374 5263 vulgus,
1392 5199 1536 5261 ignorant,
1555 5198 1617 5256 quid
1633 5212 1723 5248 eorum
1734 5200 1842 5259 quisque
1853 5199 1888 5246 sit
1898 5202 2064 5259 excepturus,

1223 5270 1251 5316 et
1272 5272 1371 5330 mmen,
1392 5266 1453 5324 quia
1471 5267 1566 5317 solunt
1583 5267 1652 5324 quod
1671 5266 1987 5328 quisqueacceperiteius
1998 5279 2064 5326 esse,

1223 5337 1311 5383 statim
1324 5348 1382 5382 eum
1393 5333 1525 5382 dominum
1536 5334 1669 5387 alliciunt„
1691 5338 1716 5398 §-
1731 5339 1772 5383 l'l.
1792 5336 1852 5390 Qua
1862 5334 1965 5383 ratione
1975 5335 2064 5381 serius

1223 5416 1279 5450 esse
1289 5402 1408 5463 videtur,
1418 5401 1441 5447 al
1451 5416 1507 5451 rem
1515 5416 1566 5464 pro
1577 5402 1705 5452 derelicto
1717 5417 1733 5451 a
1744 5404 1849 5452 domina
1859 5402 1971 5450 habitam
1985 5413 2063 5449 oecu-

1222 5469 1323 5530 parerit
1333 5468 1399 5531 quis,
1409 5470 1497 5518 nnius
1509 5483 1567 5518 enm
1577 5470 1709 5524 dominum
1719 5472 1793 5520 ellici.
1816 5473 1867 5519 Pro
1878 5469 2004 5517 derelicto
2016 5481 2063 5518 au·

1222 5540 1274 5584 tem
1284 5537 1479 5600 liabetur,quad
1489 5538 1609 5586 dominus
1620 5553 1651 5587 ea
1661 5544 1749 5587 mente
1759 5539 1892 5599 abiecerit,
1898 5539 1929 5583 at
1938 5538 1966 5584 id
1975 5546 2063 5586 rerum

1222 5618 1327 5653 suarum
1344 5610 1400 5652 etse
1416 5606 1518 5668 nollet,
1538 5606 1648 5665 ideoque
1658 5607 1746 5654 statim
1758 5608 1877 5655 domiuus
1888 5617 1945 5653 esse
1955 5605 2060 5654 desinit.

1221 5674 1244 5734 §-
1257 5676 1299 5722 48.
1311 5671 1371 5719 illia
1380 5685 1444 5721 sane
1455 5678 1582 5722 causaest
1592 5672 1681 5722 aarum
1691 5687 1788 5737 reram,
1799 5675 1899 5733 quaein
1907 5675 2062 5735 tempestate

1221 5741 1299 5789 maris
1310 5740 1437 5789 levandae
1448 5742 1522 5789 navis
1534 5754 1612 5791 causa
1631 5740 1784 5789 eiiciantur.
1819 5744 1876 5792 liae
1890 5743 1960 5791 anim
1978 5740 2061 5790 densi-

1222 5822 1314 5857 nornm
1325 5812 1487 5875 permanent,
1498 5810 1559 5868 qaia
1568 5809 1654 5870 palam
1664 5810 1718 5874 est,
1730 5821 1773 5859 eas
1783 5822 1838 5859 nou
1848 5826 1880 5861 eo
1891 5811 1979 5859 auimo
1990 5806 2052 5858 eiiei
