4336 6424
304 300 308 309 ’
348 321 576 394 nrn.x1.,1v.
603 323 630 378 t
676 322 734 378 DE
767 324 874 415 DOLl
908 326 1015 382 nrm
1050 327 1106 384 ET
1141 328 1287 385 METUS
1321 326 1612 385 Excurrtonn.
1792 333 1844 389 dt?

167 465 234 512 xvi.
254 465 302 513 Pc
311 466 386 515 nice
404 466 471 515 libro
487 466 543 513 111.
562 467 601 514 cd
610 466 742 515 Samene.
777 468 899 518 decentio
910 469 968 518 tine
1001 468 1027 517 di
1039 469 1095 518 eine
1106 484 1192 533 enum,
1204 471 1372 519 mendntnrnr
1382 471 1501 531 elloquio
1507 504 1516 530 ,
1535 472 1558 520 rt
1568 487 1621 521 non
1632 474 1700 522 iorct
1712 474 1754 523 lic
1764 477 1853 527 editu:

123 538 210 582 nortro
221 538 337 594 tempore
348 533 425 581 nobie
436 534 560 597 prodente
572 548 625 583 uon
638 538 733 595 poteri.
1001 551 1054 597 rur,
1065 538 1158 585 deinde
1168 542 1238 599 eget,
1250 553 1284 585 en
1294 540 1449 599 exceptione
1460 541 1620 601 repelletur}
1649 542 1683 588 nt
1695 543 1732 589 nit
1743 544 1848 595 Celrur:

442 633 532 692 ΤΠ..
558 634 614 691 lv·
1000 605 1055 651 doti
1065 617 1123 651 eum
1133 609 1290 664 exceptione
1302 607 1488 666 repellendum.
1524 608 1546 666 p.
1562 612 1584 656 l.
1598 610 1715 656 lulinnur
1726 612 1845 671 rcriprit;

134 717 183 765 uc
202 717 298 781 nort
316 719 420 765 nrm
438 719 488 766 ur
507 718 649 764 uncus
667 686 947 767 excrucio-un·
999 677 1848 802 :tritttitt.iiiiii.untiilttttttititiili:

167 803 188 848 l.
206 800 339 850 Persice
358 804 427 850 libro
446 802 547 850 LXXI.
564 803 602 848 ad
611 802 740 850 Edictum.
777 803 835 857 Quo
851 803 964 849 lucidinr
1000 805 1090 853 lierern
1102 807 1780 870 pervenire,deindeecnrmuerirmneuceenoueuti
1790 827 1848 873 por·

120 868 229 927 intelligi
242 868 324 927 ponit
336 870 397 915 truce
409 870 538 929 exceptio,
545 869 616 927 princ
626 870 657 916 de
668 883 745 917 cunm
753 868 963 927 rideamnnq'uu-
999 873 1042 933 rit,
1053 872 1075 917 ei
1087 874 1275 921 conventurum
1310 877 1344 922 Et
1355 879 1436 924 rciert
1446 876 1561 923 tnuemi
1572 877 1708 939 ptocntxee,
1719 879 1775 926 doli
1786 882 1846 928 meli

120 936 802 998 reproporitnrit,deindequemedmodumdulodut.
837 938 963 993 Per-quoe
999 939 1154 996 exceptione
1167 942 1204 986 uti
1218 956 1276 989 euru
1288 957 1372 1000 poree.
1401 944 1460 1001 §.z
1477 944 1845 1005 Siinerbitrnmcompromi.

120 1003 412 1065 intelligemur,qunrtdo
424 1007 510 1051 obetet
524 1003 656 1064 exceptio,
663 1005 755 1051 deinde
766 1004 891 1051 ndrerrur
902 1018 963 1063 qunr
999 1005 1119 1066 ierimue,
1138 1008 1231 1056 deinde
1241 1023 1316 1066 quum
1329 1024 1381 1057 non
1393 1011 1518 1058 utiliorem
1529 1011 1561 1058 ob
1572 1013 1706 1060 edvcrrnrn
1718 1013 1847 1061 rotetudi-

121 1083 242 1131 perronae
253 1070 336 1117 lucum
348 1071 448 1118 linirent.
470 1071 616 1118 Norimirne
629 1070 805 1131 inspicimini,
816 1072 887 1118 intre
899 1085 963 1127 qune
1000 1088 1066 1131 nem,
1078 1088 1161 1133 poene
1170 1076 1306 1124 comminue
1316 1078 1398 1140 emet,
1410 1093 1443 1125 nn
1455 1078 1493 1124 uti
1505 1080 1599 1137 porrim
1610 1082 1664 1127 doti
1675 1082 1847 1141 exceptionei

121 1144 231 1197 temporo
242 1143 369 1195 cornpetnt
380 1139 511 1197 exceptio.
545 1141 568 1197 d.
586 1138 606 1184 l.
629 1139 963 1186 ideonutemlrnncexce-
1000 1141 1033 1186 Et
1044 1141 1082 1188 eit
1093 1141 1265 1201 Pomponiur:
1284 1146 1405 1203 prodeme
1416 1144 1544 1193 rnilridoli
1561 1149 1749 1207 exceptionem.
1785 1151 1844 1208 Μ.

120 1207 230 1266 ptionem
243 1205 351 1251 Praetor
364 1208 514 1265 proposuit,
536 1219 568 1251 ne
579 1205 620 1250 cni
631 1206 706 1252 dolor
717 1220 779 1252 ruur
790 1221 836 1265 per
847 1206 963 1254 occurio-
1000 1210 1064 1255 ltern
1075 1210 1224 1269 queeritur:
1242 1209 1264 1256 rt
1276 1225 1331 1259 cunr
1343 1225 1389 1270 eo,
1408 1227 1423 1259 n
1436 1226 1486 1273 quo
1498 1213 1546 1261 tibi
1564 1216 1704 1274 scripture
1719 1218 1845 1265 deleren·

118 1288 171 1320 nem
179 1271 336 1319 iurircivilir
345 1277 436 1319 contre
443 1273 749 1329 rinturelemrequitntem
758 1274 849 1334 proiit.
861 1274 964 1337 §.med
1000 1280 1051 1332 tur,
1062 1277 1277 1339 compromiserit,
1297 1278 1389 1328 deinde
1401 1293 1445 1338 per
1455 1280 1654 1338 imprudentium
1664 1297 1774 1343 poenum
1784 1298 1845 1332 cen-

118 1354 148 1388 ιιι
159 1338 220 1386 dolo
231 1340 292 1399 qnid
303 1340 397 1386 luctum
408 1342 460 1388 riti
481 1354 514 1388 ex
527 1341 597 1387 tecto
609 1340 773 1401 intelligitur.
792 1344 815 1404 p.
825 1342 848 1387 3.
862 1340 895 1388 lit
906 1340 964 1397 qni·
999 1346 1052 1390 tum
1064 1344 1204 1402 rtipuletur
1217 1345 1315 1393 inerint
1334 1348 1420 1393 Lebeo
1431 1350 1518 1406 putet,
1530 1350 1670 1397 convenire
1680 1350 1765 1398 otticio
1777 1352 1847 1400 eriri·

118 1409 172 1456 dem
183 1407 245 1453 dolo
256 1406 286 1452 nt
297 1410 348 1454 tem
359 1408 387 1455 in
399 1409 664 1471 contrectilrue,qunm
675 1408 703 1456 iu
711 1407 963 1468 tertnrnentir,qunm
999 1410 1043 1470 tri,
1055 1410 1144 1459 intere
1155 1415 1254 1461 tuntum
1266 1412 1313 1460 tihi
1325 1413 1389 1474 deri,
1400 1418 1524 1471 quentum
1534 1429 1563 1463 re
1576 1429 1636 1464 rere
1646 1418 1777 1478 debentur,
1785 1423 1812 1466 et
1823 1420 1845 1466 ri

118 1476 143 1522 in
154 1475 265 1533 legibue.
998 1489 1052 1522 non
1062 1476 1116 1538 nor,
1127 1492 1181 1527 non
1193 1484 1294 1539 vetere,
1307 1493 1340 1529 ne
1350 1479 1410 1538 quid
1420 1481 1531 1539 nmpliue
1542 1487 1658 1542 petetur;
1676 1485 1721 1531 red
1733 1486 1810 1532 etiem
1822 1489 1844 1534 ri

168 1544 201 1589 ΙΙ.
222 1536 250 1588 ds
251 1544 263 1587 1
265 1545 347 1603 piar
355 1556 392 1591 ne
402 1544 468 1591 libro
488 1544 571 1591 Lxx
574 1546 598 1591 V
598 1544 620 1590 1.
632 1543 806 1591 addidicerant.
824 1543 910 1590 Pnlnm
923 1545 963 1589 ert
1002 1544 1028 1590 id
1039 1544 1160 1592 omimurn
1172 1545 1259 1608 inerit,
1267 1549 1318 1605 peti
1330 1549 1693 1613 pomequoddeletur,l.ebeo
1701 1553 1777 1612 dicit3
1788 1556 1843 1602 etei

118 1614 215 1671 tutem,
238 1610 304 1656 lrenc
314 1613 496 1670 exceptionem
508 1626 540 1660 en
553 1613 642 1660 eedem
653 1624 730 1659 muro
739 1610 911 1671 proponitrm,
928 1623 961 1657 ex
1001 1612 1069 1660 torte
1082 1624 1166 1669 poene
1175 1615 1345 1670 petetur,doli
1352 1615 1412 1661 meli
1418 1617 1599 1674 exceptionem
1606 1620 1775 1677 proluturem.
1786 1623 1809 1680 d.
1817 1625 1842 1668 4.

117 1691 164 1735 qrrn
174 1690 250 1724 crure
262 1679 395 1737 proponite
406 1685 444 1726 ert
456 1680 486 1727 de
500 1681 561 1726 dolo
572 1680 639 1725 meto
650 1678 728 1725 ectio.
763 1678 786 1735 §-
799 1680 822 1725 l.
839 1677 963 1736 Sequitur
997 1680 1026 1726 si
1037 1681 1095 1737 quir
1106 1682 1205 1741 pupillo
1215 1682 1326 1731 noluerit
1336 1683 1392 1730 eine
1403 1684 1500 1731 tutorir
1510 1685 1666 1732 errctoritrte
1677 1685 1711 1745 id,
1722 1686 1791 1743 quod
1802 1686 1846 1734 rle-

117 1750 144 1791 ut
155 1745 328 1805 ridenmn1,in
340 1746 430 1802 quinne
442 1748 526 1797 erucii
537 1748 621 1793 locum
632 1746 724 1792 hebent
732 1746 863 1806 exceptio,
870 1750 896 1790 et
905 1745 963 1801 qui·
998 1748 1063 1807 irnit,
1075 1762 1158 1805 exque
1169 1763 1199 1795 cn
1210 1750 1340 1797 solutione
1350 1751 1509 1809 locupletior
1519 1752 1604 1799 tuctur
1614 1753 1650 1798 rit
1661 1752 1784 1813 pupillur,
1804 1768 1845 1802 re·

117 1814 161 1858 bue
172 1814 292 1871 perecuir
303 1813 450 1861 obiiciatur.
481 1814 514 1860 iit
526 1812 627 1872 quidem
639 1811 704 1859 illud
720 1812 898 1858 annotandum
914 1812 963 1867 eet,
998 1814 1112 1861 etirrime
1124 1816 1232 1878 dicetur,
1242 1817 1422 1875 exceptionem
1432 1819 1582 1877 petentibnr
1592 1833 1700 1877 nocerc;
1719 1833 1777 1868 nem
1787 1821 1846 1869 etti

115 1879 182 1939 quod
192 1878 342 1938 epecirliter
353 1881 548 1939 exprimentium
561 1884 614 1938 ert,
633 1879 664 1925 de
675 1878 750 1925 eninr
761 1879 822 1924 dolo
833 1878 890 1936 quie
901 1892 963 1935 que·
999 1886 1111 1928 nrutumn
1124 1883 1253 1941 occeperit
1264 1884 1414 1944 pecuniam,
1437 1885 1477 1931 vel
1489 1898 1523 1931 ex
1535 1898 1585 1942 quo
1597 1887 1650 1933 otio
1662 1890 1795 1935 contractu
1807 1888 1846 1935 to·

115 1953 204 2007 retur,
225 1959 277 1993 non
289 1945 317 1992 in
329 1960 395 1993 rem:
411 1950 437 1994 ri
446 1949 473 1992 in
484 1961 517 1992 ea
527 1961 556 1991 re
567 1946 632 1992 nitri!
641 1947 700 1992 dolo
711 1946 780 1991 meio
793 1948 899 2009 sactum
916 1952 963 2007 ert,
998 1949 1127 2007 cupietior
1136 1952 1218 1996 iectur
1228 1950 1273 2011 rit,
1284 1950 1393 1998 drudem
1403 1963 1460 2000 erre
1470 1954 1659 2011 exceptionem.
1690 1954 1809 2013 idemque
1819 1960 1846 2005 et

114 2015 158 2062 red
169 2013 221 2061 ric:
239 2015 265 2060 ri
273 2016 299 2059 in
310 2028 342 2061 eu
353 2028 383 2059 re
394 2014 460 2060 niln't
469 2015 527 2060 doto
537 2014 607 2059 moto
618 2015 718 2059 notorie
727 2013 834 2076 facturn
844 2019 890 2059 eet.
912 2012 963 2059 Do·
998 2015 1025 2062 in
1037 2018 1132 2063 ceteri·
1142 2017 1193 2063 erit
1204 2017 1349 2075 dicendum,
1360 2019 1453 2076 quinne
1463 2032 1516 2065 non
1527 2025 1598 2067 reete
1608 2019 1735 2081 rolritnr;
1752 2035 1811 2069 nem
1822 2023 1844 2070 ri

112 2095 173 2129 cere
184 2081 265 2139 igitur
280 2080 355 2126 dehet
375 2080 414 2140 ie,
434 2081 478 2140 qui
496 2080 587 2126 olriicit
606 2080 874 2141 exceptionem,dolo
895 2080 963 2126 melo
998 2083 1059 2130 tecti
1072 2085 1125 2130 rint
1137 2083 1330 2148 locupletium,
1341 2086 1462 2146 exceptio
1473 2086 1558 2134 locum
1569 2088 1678 2136 iubebit
1708 2088 1731 2145 d.
1744 2093 1767 2136 n.
1782 2090 1846 2138 ltere

111 2148 211 2196 ectorir
224 2149 328 2207 lectum,
341 2160 388 2194 nec
398 2149 506 2194 rutiicict
516 2147 540 2194 ei
553 2149 699 2208 ostendere,
711 2148 777 2193 inre
789 2160 845 2193 erec
857 2146 962 2204 dolum3
1000 2150 1083 2198 beben
1095 2151 1199 2198 rcribit:
1211 2153 1234 2199 ri
1246 2152 1304 2213 quir
1316 2153 1454 2213 lugitivum
1464 2167 1521 2202 eree
1531 2155 1617 2201 ecienr
1628 2155 1721 2202 emerit
1731 2169 1844 2218 neruum,

112 2219 159 2263 eut
170 2216 192 2260 ri
204 2214 313 2262 niterine
323 2215 392 2261 dicet
402 2216 463 2261 dolo
476 2217 672 2274 tectum,eorunr
683 2228 805 2274 perronna
813 2213 963 2274 rpeciuliter
997 2220 1024 2265 et
1035 2218 1056 2263 ri
1068 2218 1205 2277 rtipulctue
1215 2220 1311 2281 inerit,
1331 2221 1469 2278 fugitivum
1481 2234 1532 2268 non
1544 2235 1615 2282 eree,
1637 2222 1729 2270 deinde
1739 2226 1800 2282 nget
1811 2236 1846 2273 ex

88 2292 90 2295 ’
111 2281 217 2329 debebit
229 2295 395 2343 enumerare,
417 2282 554 2329 dummodo
567 2283 614 2329 hee
625 2280 692 2343 rint,
712 2296 817 2342 puerum
828 2281 904 2329 dolur
915 2295 963 2327 no·
998 2286 1134 2348 rtipulntu,
1146 2299 1199 2333 non
1209 2301 1266 2335 erre
1278 2300 1335 2334 curn
1346 2290 1500 2347 exceptione
1512 2289 1703 2349 repellendum,
1723 2291 1846 2348 quonium

111 2352 178 2397 cent.
215 2349 238 2407 d.
249 2352 272 2395 l.
285 2350 364 2397 Plane
376 2363 408 2397 ex
421 2363 531 2409 perrone
542 2349 659 2410 eiur,qui
670 2348 852 2408 exceptionem
863 2349 963 2410 obiicit,
997 2353 1768 2413 hocconvcnit,quomrirexemtorctionomnonlrntrcret.
1793 2357 1845 2404 Sed

110 2417 139 2467 in
150 2430 207 2463 rem
221 2416 364 2475 opponitur
374 2418 510 2477 excepti03
530 2430 612 2473 neque
625 2417 692 2463 enim
704 2417 852 2476 quaeritur,
871 2417 963 2464 tudier·
998 2422 1019 2467 ri
1032 2434 1083 2466 nou
1096 2422 1269 2483 convenisset,
1280 2423 1435 2481 exceptione
1447 2422 1595 2481 repelletur.
1631 2424 1654 2480 d.
1668 2426 1692 2469 6.
1703 2424 1801 2478 Qnodei
1814 2423 1846 2483 ie,

110 2499 154 2532 run
165 2498 240 2542 quern
251 2484 402 2531 commlerur
413 2485 447 2529 eit
459 2484 595 2543 dolur,red
607 2498 640 2528 nn
652 2485 679 2529 in
691 2498 722 2531 ee
732 2498 760 2532 re
771 2484 832 2531 dolo
845 2484 913 2530 mulo
924 2485 963 2531 ie·
997 2488 1038 2534 cui
1051 2488 1159 2546 pecunie
1170 2488 1320 2548 debetntnr,
1333 2492 1388 2535 edm
1400 2489 1518 2537 debitore
1529 2489 1633 2547 decidit,
1644 2492 1671 2537 et
1681 2501 1775 2536 nomen
1788 2491 1844 2537 eine

111 2560 180 2600 ctum
192 2552 227 2598 eit
238 2565 254 2598 n
266 2553 339 2610 perte
349 2552 456 2599 netorir.
492 2553 515 2609 θ.
526 2552 550 2596 3.
569 2551 644 2598 ctrm
655 2551 763 2612 primurn
773 2550 894 2613 npeeicnr,
905 2550 963 2609 qni·
999 2553 1114 2601 verididit
1124 2555 1185 2602 Seio
1192 2586 1201 2610 ,
1221 2556 1261 2603 cni
1272 2555 1374 2603 debitor
1385 2556 1563 2616 mendurernt,
1586 2562 1614 2602 ut
1625 2570 1720 2603 nomen
1737 2561 1845 2619 erueret,

109 2623 158 2667 bnt
170 2633 203 2667 ex
216 2614 300 2666 eeneii
312 2620 431 2681 exceptio
443 2618 504 2664 litet
514 2618 599 2664 lotum
613 2618 713 2675 hubent,
734 2619 799 2665 tute
809 2624 881 2672 tunt,
899 2630 963 2678 qune
997 2622 1078 2681 denuc
1089 2635 1119 2668 en
1130 2636 1158 2669 rc
1169 2626 1253 2669 emtor
1262 2622 1399 2682 rtipulctue
1411 2628 1459 2685 ert,
1470 2623 1563 2671 deinde
1574 2624 1688 2670 creditor
1700 2638 1755 2671 erm
1765 2637 1843 2683 pecn-

108 2687 220 2734 trectnri
233 2692 350 2745 poscunt.
387 2687 415 2733 si
426 2686 483 2746 quie
494 2684 550 2731 eine
560 2694 638 2731 conce
648 2687 680 2732 ub
691 2686 778 2744 utiquo
790 2685 868 2733 luerit
880 2685 962 2743 rtipn-
998 2689 1065 2735 nium
1077 2689 1184 2751 retinet,
1194 2704 1267 2748 quern
1277 2705 1323 2750 per
1334 2690 1443 2737 iudiccm
1454 2690 1569 2753 cuntulit,
1579 2704 1612 2737 en
1623 2696 1707 2738 emtor
1715 2704 1748 2739 ex
1760 2693 1844 2751 etipn·

108 2757 190 2815 letne,
202 2753 296 2801 deinde
307 2767 340 2802 ex
352 2768 383 2801 ee
393 2753 563 2814 rtiputetione
575 2752 863 2815 experietur,exceptio
875 2751 963 2809 utique
997 2757 1052 2804 letu
1064 2756 1145 2815 pouit
1156 2757 1272 2816 experiri
1283 2760 1292 2804 l
1310 2757 1344 2804 lit
1355 2758 1448 2804 titilius
1459 2762 1542 2817 putet,
1564 2758 1586 2804 ri
1599 2759 1719 2806 venditor
1728 2760 1843 2807 nomini·

106 2822 163 2871 doli
177 2821 239 2869 meti
252 2822 276 2868 ei
289 2821 402 2869 nocebit.
438 2821 510 2868 Licet
522 2821 591 2868 enim
602 2834 633 2867 en
646 2825 771 2881 tempore,
792 2833 842 2878 qno
853 2818 962 2880 rttpute·
997 2828 1102 2884 peretur
1114 2838 1166 2871 non
1177 2825 1211 2871 rit
1222 2824 1338 2885 reddere,
1349 2829 1470 2884 qunnturn
1481 2827 1513 2873 ni
1524 2830 1624 2873 emtore
1634 2827 1778 2889 receperit,
1790 2841 1844 2874 non

107 2892 194 2951 betur,
206 2889 274 2936 nilril
285 2889 345 2936 dolo
358 2890 425 2937 melo
436 2888 579 2942 nuntient,
591 2892 676 2935 tumen
688 2888 823 2936 dicendum
836 2892 884 2949 ert,
896 2899 962 2947 eum,
997 2891 1142 2938 nocituram
1153 2892 1333 2951 exceptionem
1343 2891 1396 2939 doti
1409 2893 1478 2939 moli.
1505 2892 1614 2952 Etputo
1624 2894 1779 2941 uenientium
1790 2894 1845 2941 oo.

106 2970 187 3015 qurum
201 2957 274 3003 litem
289 2961 461 3017 contentetur,
480 2956 541 3002 dolo
551 2956 652 3015 lucere,
675 2955 716 3012 qui
728 2960 877 3015 perreveret
887 2968 920 3002 ex
931 2966 963 3000 ee
996 2958 1135 3005 liirerrm.
1170 2960 1230 3016 Μ.
1254 2959 1398 3006 Lntreonit:
1419 2959 1843 3020 ridehominepetiterecundom

104 3024 283 3084 stipulatione
295 3032 397 3083 peterc3
408 3027 434 3071 et
444 3023 558 3083 cinnum
570 3023 890 3086 interponeretur,iuetem
902 3034 961 3069 ceu·
996 3030 1108 3073 retorem
1120 3025 1198 3072 tuerit
1208 3024 1356 3087 iudicatum,
1364 3031 1389 3071 ct
1398 3026 1470 3072 iumu
1481 3026 1736 3075 iudicireutirduturn
1746 3028 1843 3085 ritin-

103 3106 159 3140 eern
171 3092 277 3151 hebuit,
289 3098 373 3140 iernen
384 3091 560 3138 nuncnuilmn
572 3091 691 3138 idoneum
704 3105 804 3138 ceurrm
819 3091 912 3138 iniere
923 3088 962 3135 vi·
997 3094 1090 3141 minem
1102 3092 1360 3140 irrtrncertum.rlicm
1371 3094 1454 3153 trudi,
1473 3096 1500 3139 et
1511 3093 1533 3139 ei
1545 3094 1655 3141 truditur
1669 3107 1724 3141 non
1742 3095 1843 3156 tuimet,

102 3162 191 3208 detur.
233 3159 347 3207 Proinde
357 3164 384 3209 et
403 3159 427 3206 ri
444 3158 588 3206 crediturne
604 3159 739 3218 pecuniam
755 3158 893 3218 rtipnlctue
913 3160 962 3216 ert,
997 3174 1105 3221 poenmn
1116 3173 1217 3219 quoque
1229 3158 1370 3217 rtipulutne
1381 3160 1429 3221 rit,
1450 3160 1604 3219 petitorem,
1622 3161 1665 3221 qui
1677 3167 1704 3209 et
1715 3162 1843 3209 hominem

101 3242 152 3274 nec
164 3225 290 3287 credidit,
303 3226 351 3273 etri
363 3230 434 3275 certe
444 3226 494 3271 tuit
506 3238 584 3273 ceute
594 3226 782 3285 rtiputntionie,
802 3239 866 3283 qnae
876 3228 962 3270 temen
997 3227 1125 3288 vindicet,
1143 3233 1169 3274 et
1180 3240 1289 3286 poenum
1300 3225 1382 3285 petit,
1402 3227 1558 3286 exceptione
1576 3240 1633 3275 eree
1649 3229 1848 3293 repellendqu

101 3301 148 3342 out
159 3307 219 3340 uon
234 3298 274 3341 ert
284 3297 383 3354 recole,
394 3298 438 3341 eut
449 3293 524 3340 fluite
535 3297 583 3349 ert,
590 3293 725 3342 dicendum
737 3295 796 3349 erit,
806 3305 902 3339 nocere
915 3303 962 3338 ex·
996 3296 1113 3352 iniquum
1123 3294 1191 3342 enirn
1203 3306 1275 3350 erre,
1291 3297 1317 3341 et
1328 3294 1456 3341 honinem
1466 3295 1612 3358 precidere,
1629 3300 1656 3342 et
1666 3308 1775 3354 poenum
1785 3294 1830 3343 exi

101 3362 266 3422 ceptionem.
303 3358 962 3421 dul.itemqueeritur:riquirpurertlpuleturrit
996 3376 1066 3423 gere.
1102 3361 1160 3420 Μ.
1172 3364 1236 3408 item
1249 3360 1550 3419 quaeriturtriunioner
1562 3361 1609 3408 tibi
1620 3362 1724 3422 pignori
1738 3363 1843 3423 dedero,

97 3435 201 3479 certem
216 3428 402 3491 quentitntmn,
414 3428 532 3488 quiahoc
543 3433 628 3475 ectum
639 3426 734 3490 rit,red
744 3434 803 3488 port
813 3426 963 3487 rtipulntio·
996 3434 1023 3479 et
1033 3430 1196 3489 convenerit,
1207 3432 1236 3476 ut
1246 3428 1333 3476 rotule
1343 3428 1454 3488 pecunie
1465 3429 1644 3492 redderentur,
1655 3433 1682 3477 et
1692 3430 1719 3476 hi
1731 3431 1843 3476 unione·

97 3513 158 3547 nem
172 3499 215 3545 int
224 3496 362 3556 erpnxitem
373 3501 463 3556 pectre
474 3495 524 3553 rit,
544 3509 577 3543 ue
588 3495 693 3542 interim
705 3497 815 3556 pecunie
831 3507 911 3552 unque
929 3493 963 3539 nd
997 3499 1072 3557 culpe
1082 3500 1129 3544 tun
1137 3496 1273 3557 perierint,
1293 3500 1318 3543 et
1329 3497 1464 3555 pecuniam
1473 3498 1566 3556 petent
1599 3496 1633 3542 nr
1644 3501 1731 3545 exetet
1742 3498 1843 3545 Nerine

96 3571 204 3615 eertum
216 3564 290 3613 diem
301 3569 413 3624 petitur,
431 3577 464 3610 en
476 3566 567 3610 nocent
578 3563 700 3622 exceptio
711 3564 782 3612 dolii
817 3560 962 3620 nequidem
997 3570 1022 3612 et
1033 3563 1153 3611 Atilicini
1165 3562 1310 3626 cententio,
1328 3563 1469 3613 dicentium
1481 3564 1518 3610 ite
1531 3577 1587 3612 eme
1603 3565 1801 3624 excipiendum:
1820 3579 1843 3611 m

95 3636 129 3683 dc
147 3638 237 3695 pecto
254 3636 385 3680 convento
402 3631 489 3691 excipi
500 3644 590 3693 pome,
609 3644 767 3689 nequaquem
785 3629 961 3689 ambigendum
996 3637 1066 3680 inter
1076 3637 1150 3678 meet
1160 3640 1185 3679 te
1195 3646 1246 3677 nore
1256 3634 1382 3693 concernit,
1403 3637 1432 3679 ut
1443 3633 1529 3679 cointe
1542 3634 1656 3692 pecunia
1667 3632 1843 3679 unioneeuciin

96 3707 157 3761 ert3
169 3702 219 3752 ned
233 3705 261 3747 et
269 3702 293 3748 ei
303 3702 350 3748 hnc
361 3699 418 3761 quir
429 3699 583 3759 exceptione
594 3699 631 3745 nti
644 3699 808 3761 velit,uilrilo
820 3700 905 3745 minue
916 3709 962 3755 po·
996 3700 1148 3747 recidentur.
1184 3699 1233 3745 Sed
1245 3702 1284 3745 eet
1296 3697 1400 3759 nerine,
1419 3698 1599 3757 exceptionem
1611 3699 1664 3746 doli
1677 3699 1736 3746 meli
1749 3712 1844 3747 nucero

96 3770 183 3829 terit;
205 3768 271 3816 dolo
283 3768 351 3816 enirn
363 3770 449 3815 iecere
460 3781 517 3815 eum
527 3801 534 3828 ,
546 3766 590 3824 qui
601 3771 692 3813 contro
703 3772 806 3825 pectunt
817 3768 904 3825 petet,
916 3777 962 3809 ne·
996 3768 1099 3816 dehere.
1134 3766 1157 3823 d.
1169 3769 1194 3813 9.
1213 3765 1242 3812 Si
1260 3765 1347 3812 minor
1363 3766 1424 3813 milri
1440 3766 1565 3814 infantem
1576 3767 1729 3823 counierit,
1750 3766 1843 3815 deinde

95 3837 158 3900 geri
173 3851 232 3883 non
245 3839 340 3894 poten.
360 3836 383 3894 d.
391 3839 416 3881 6.
426 3835 459 3880 lit
470 3834 628 3893 generaliter
639 3834 769 3881 iciendum
779 3837 866 3893 eet,en
878 3831 962 3879 omni·
996 3848 1053 3882 eum
1065 3833 1186 3896 vindicet,
1195 3834 1353 3892 exceptione
1362 3832 1416 3879 doli
1428 3834 1489 3880 meli
1501 3834 1667 3893 repellendum
1677 3834 1783 3891 eet‚niri
1795 3834 1845 3880 nli·

96 3908 145 3952 truc
159 3906 189 3952 in
205 3905 304 3950 tectum
315 3902 514 3961 exceptionibus
531 3902 584 3949 doli
602 3902 668 3949 oriri
687 3902 882 3961 exceptionem,
901 3898 962 3959 quie
997 3906 1082 3950 mente
1092 3902 1181 3949 reddet
1191 3933 1199 3962 ,
1209 3904 1244 3948 'et
1255 3901 1277 3947 ri
1287 3901 1346 3959 quir
1355 3901 1423 3948 eliur
1434 3906 1532 3948 rumtur
1542 3901 1684 3960 probeiilir
1697 3900 1723 3947 in
1736 3914 1794 3948 enm
1804 3902 1844 3947 le-

94 3974 162 4021 dolo
176 3971 256 4031 fucit,
268 3971 414 4030 quicunque
426 3970 460 4025 id,
479 3970 544 4029 quud
556 3970 820 4029 qunqueeneeptione
831 3967 892 4016 elidi
904 3970 961 4026 pot·
996 3968 1106 4015 cinerit.
1141 3969 1164 4028 d.
1179 3971 1218 4016 lo.
1230 3968 1508 4018 l’reetereeneiendum
1519 3972 1567 4029 eet,
1587 3968 1677 4027 eiuuir
1689 3969 1792 4028 quidex
1805 3971 1845 4013 te·
1922 3972 1926 3977 '

93 4047 152 4100 ent,
171 4038 264 4098 petite
284 4052 341 4084 rrum
354 4037 403 4085 etri
415 4037 484 4083 inter
495 4036 572 4083 initia
581 4037 647 4084 nihil
659 4037 720 4086 dolo
732 4037 799 4084 melo
811 4038 883 4098 lecit,
893 4038 961 4113 ettp-
996 4040 1124 4084 etnmento
1143 4042 1235 4083 contre
1254 4036 1414 4084 roluutetern
1431 4040 1518 4100 petet,
1536 4037 1694 4095 exceptione
1713 4048 1770 4083 enm
1790 4034 1844 4081 doli

93 4123 156 4154 meu
170 4119 250 4153 nunc
263 4105 373 4163 petendo
385 4105 446 4150 incit
458 4104 561 4167 dolore,
579 4104 630 4151 niel
649 4105 670 4150 ri
684 4105 746 4151 tntir
759 4104 793 4151 eit
811 4104 961 4162 ignorantie
997 4104 1057 4151 ninii
1069 4102 1161 4161 repelli
1175 4104 1277 4160 colere,
1296 4107 1321 4149 et
1334 4103 1392 4149 ideo
1404 4103 1493 4166 heren,
1512 4104 1555 4163 qui
1566 4117 1619 4149 non
1630 4103 1706 4149 hebet
1722 4102 1845 4147 volunte-

91 4175 121 4222 in
135 4189 183 4233 eo,
198 4178 230 4223 nt
242 4173 304 4218 dolo
317 4175 411 4219 rorent.
428 4173 451 4233 d.
465 4173 488 4216 o.
500 4173 558 4218 Non
570 4172 741 4220 meledictum
753 4176 801 4229 ert,
815 4172 837 4217 ri
848 4170 962 4217 creditor
997 4174 1055 4229 tem,
1067 4183 1112 4228 per
1122 4171 1303 4230 exceptionem
1314 4170 1368 4216 doli
1380 4170 1524 4228 repellitur.
1559 4170 1582 4227 d.
1596 4172 1632 4217 ll.
1645 4170 1673 4217 Si
1684 4170 1741 4227 quir
1752 4183 1784 4215 ex
1796 4182 1845 4215 un.

91 4256 197 4291 urum
211 4245 243 4288 in
257 4241 371 4286 futurum
382 4238 519 4300 receperit,
531 4239 624 4286 deinde
635 4239 769 4299 pecuniam
781 4239 864 4285 nilrilo
876 4237 961 4284 minuc
996 4239 1036 4284 cin
1047 4237 1166 4285 herennii
1177 4237 1297 4297 rcriptne,
1308 4250 1340 4286 ex
1352 4249 1402 4293 qun
1412 4238 1525 4284 ducente
1535 4237 1656 4297 cenneqni
1669 4238 1764 4296 potuit,
1770 4237 1844 4283 dein.

89 4316 181 4371 petet,
191 4311 337 4367 antequem
350 4306 375 4353 id
387 4310 485 4365 tempne
497 4311 651 4364 praeterret,
659 4307 731 4353 cuiue
741 4306 961 4366 temporirnrurce
996 4306 1027 4353 de
1038 4309 1144 4364 propter
1153 4305 1202 4351 hoc
1213 4305 1334 4366 legatum,
1347 4304 1373 4350 in
1384 4318 1434 4370 quo
1445 4309 1547 4351 centnm
1558 4309 1643 4363 erent,
1654 4304 1795 4366 praetulit,
1810 4316 1846 4351 ne

87 4379 214 4439 accepit,
228 4389 264 4422 nn
277 4374 330 4421 doli
341 4374 497 4434 exceptione
508 4375 666 4435 repelleturl
683 4375 716 4420 lit
728 4377 810 4433 potent
823 4372 889 4431 dici,
900 4372 961 4418 dolo
996 4372 1123 4420 molentiir
1134 4372 1299 4419 hereditoriie
1311 4371 1576 4432 inpliceretnr,en,ii
1587 4372 1700 4430 lepetem
1711 4375 1790 4431 petet,
1798 4382 1845 4419 ex·

87 4461 152 4494 eum
168 4448 281 4499 [πει-ες
300 4441 450 4501 accipiendo
462 4443 531 4489 enirn
543 4455 636 4489 ururnr
654 4441 787 4488 dietnlime
803 4440 906 4487 ridetur
916 4453 961 4497 pe·
996 4440 1115 4499 ceptione
1127 4440 1181 4487 doti
1193 4441 1253 4486 meli
1264 4441 1470 4487 enmmoreetnri
1488 4439 1522 4487 nt
1534 4439 1572 4485 eit
1583 4438 1710 4485 lulienur:
1722 4452 1776 4484 uon
1787 4450 1845 4485 eme

88 4514 229 4560 titionem
243 4511 273 4556 in
286 4510 310 4555 id
322 4513 436 4570 ternpus,
458 4511 525 4568 quod
538 4516 578 4557 ert
590 4513 647 4569 port
659 4509 725 4556 diem
738 4521 870 4555 ururcrurn
888 4521 960 4566 prce·
995 4522 1053 4554 enm
1064 4509 1287 4566 commovendum
1308 4507 1400 4567 quodni
1416 4520 1431 4552 e
1448 4507 1592 4554 euletitrto
1609 4506 1720 4564 pretinm
1735 4505 1844 4565 recepit,

85 4582 243 4639 etiterum,
266 4580 293 4623 et
304 4577 382 4622 terite
393 4578 564 4633 corruenime,
584 4576 688 4624 iuterim
700 4590 727 4623 re
738 4591 791 4623 non
808 4576 960 4632 petiturum.
996 4576 1038 4622 rel
1048 4575 1114 4631 quud
1126 4575 1204 4632 pretii
1217 4576 1274 4624 loco
1286 4576 1374 4623 heberi
1385 4576 1476 4635 poerit,
1484 4588 1517 4621 ne
1528 4574 1603 4621 edent
1615 4572 1792 4628 teredinum,
1801 4586 1844 4632 pe-

85 4651 111 4708 9,
125 4652 155 4695 i.
181 4648 259 4694 item
272 4646 421 4700 quaeritur:
436 4644 457 4691 ri
469 4644 648 4693 etotuliberum
665 4648 791 4692 merentur
809 4645 865 4701 quir
882 4642 961 4690 tuerit
996 4646 1054 4688 tene
1065 4643 1178 4701 tegetum
1189 4642 1258 4701 dolo,
1266 4643 1357 4705 inquit,
1365 4644 1452 4690 lucere
1463 4641 1673 4700 intelligerem
1680 4653 1727 4699 per
1734 4639 1782 4685 loe
1790 4638 1845 4685 doli

87 4716 202 4763 iuncum
215 4714 310 4761 decem
321 4712 391 4771 dere,
402 4726 478 4770 quum
490 4712 540 4760 lroc
551 4712 693 4770 ignoraret,
702 4717 728 4759 et
739 4711 841 4770 duptmn
852 4709 962 4768 rtipntn·
996 4710 1151 4769 exceptione
1162 4711 1313 4768 repelletur.
1332 4711 1355 4768 t.
1370 4712 1409 4756 12.
1421 4710 1569 4766 omentum
1582 4711 1635 4754 eet:
1652 4706 1685 4760 ni,
1696 4718 1772 4762 quum
1784 4707 1844 4753 iun-

86 4791 132 4832 tur
145 4779 357 4841 fuerit,deinde
367 4781 453 4837 decem
465 4780 611 4839 occeperit!
628 4780 722 4825 Eriuto
734 4793 765 4827 eo
777 4778 803 4824 in
815 4777 961 4824 libertatem
997 4777 1022 4823 di
1033 4777 1217 4824 ueumtrnctum
1229 4779 1356 4837 iuberem,
1366 4790 1423 4823 eum
1435 4778 1543 4823 tundirin
1555 4774 1659 4821 volente
1669 4787 1709 4820 ree
1721 4773 1846 4821 rerrdido·

85 4866 175 4914 egere
189 4861 228 4897 ex
244 4847 337 4906 drrplne
348 4845 519 4906 rtipulntioue
530 4851 632 4906 potcet3
650 4847 693 4894 red
705 4846 757 4893 nixi
777 4847 879 4907 decern,
899 4858 962 4904 quoe
997 4845 1049 4903 rie,
1067 4858 1100 4891 nn
1113 4843 1256 4892 uindicenti
1268 4846 1329 4892 mitri
1341 4844 1528 4891 urnmtructum
1540 4841 1661 4900 exceptio
1672 4841 1706 4887 rit
1718 4841 1846 4889 obiicien-

84 4916 259 4981 implendec
271 4914 515 4961 conditionircuure
526 4915 634 4974 recepit.
653 4914 798 4975 deduxerit,
809 4913 963 4972 exceptione
997 4912 1047 4959 del
1082 4912 1366 4968 litlrociurentimur,
1386 4909 1730 4969 utexeeptiodolinocert.
1766 4909 1862 4973 did.

82 4980 384 5036 runrmovendueerit.
421 4982 827 5042 Ethneeitnlutiennrqnoqnc
849 4979 962 5040 rcriprit.
997 4980 1137 5027 ttlcrceltur
1148 4979 1336 5027 nitzedrermrr
1347 4979 1400 5025 doli
1412 4978 1592 5036 exceptionem
1603 4974 1844 5033 nenderirepiice·

83 5056 117 5104 Si
131 5059 237 5102 temen
251 5064 285 5097 ex
299 5049 462 5109 reemtorie,
481 5048 566 5096 relex
579 5050 783 5112 peculio,quod
796 5051 961 5097 redemtorem
998 5046 1094 5093 tionem
1112 5045 1175 5092 doli.
1211 5048 1414 5107 Lebeoquoque
1434 5044 1568 5091 tneedern
1588 5042 1713 5103 opinione
1734 5048 1786 5098 eet;
1807 5042 1846 5088 nit

80 5121 268 5184 pertinebat,
279 5116 412 5177 pecuniam
424 5117 523 5164 dederit
535 5118 682 5170 etetnnucr.
703 5122 789 5177 potent
801 5116 851 5163 dici
858 5149 866 5177 ,
886 5127 963 5162 exce·
998 5115 1079 5161 cnlrn:
1100 5113 1215 5170 iniquum
1228 5128 1298 5174 eme,
1316 5125 1475 5161 cerimonem
1487 5109 1612 5158 rnnlitiem
1623 5108 1733 5169 petitori
1743 5109 1847 5168 uuidere

80 5191 221 5252 ptionem
235 5199 295 5233 non
307 5198 411 5242 nocere,
423 5184 482 5244 quin
493 5184 554 5231 doto
566 5199 617 5231 oon
630 5186 730 5230 iecerit.
998 5181 1115 5241 praemio
1126 5193 1191 5241 erre,
1202 5181 1226 5228 ei
1239 5194 1309 5241 rero,
1321 5195 1376 5227 eum
1387 5193 1438 5236 qno
1449 5183 1549 5239 egetur,
1572 5190 1672 5237 poenoe
1682 5190 1749 5239 eme,
1767 5189 1845 5234 quem

133 5258 190 5304 ΙΙΙ.
214 5254 352 5301 Paretur
372 5252 438 5299 libro
450 5251 546 5298 LXXI.
557 5250 733 5298 adnuntient.
765 5253 826 5297 item
838 5249 860 5296 ri
879 5250 913 5295 ob
928 5248 963 5307 id,
998 5250 1076 5306 longe
1087 5248 1193 5304 eequiue
1204 5249 1247 5309 rit,
1267 5261 1299 5295 ex
1310 5262 1352 5308 eo,
1370 5248 1437 5303 quod
1448 5246 1543 5306 pertlde
1553 5251 1653 5304 gentum
1665 5247 1714 5303 eet,
1732 5248 1845 5293 ueterem

77 5325 157 5387 qnod
171 5325 271 5378 onte,
290 5319 809 5377 quenrdornininrnndrrrctrmmlerntur,
830 5315 962 5364 venditori
998 5316 1211 5375 crinitconrcqui.
1245 5316 1269 5373 d.
1284 5317 1323 5362 14.
1340 5312 1668 5360 contrureuetueconrulti
1679 5324 1780 5371 qnoque
1790 5310 1846 5354 lde·

76 5392 197 5442 dederit
211 5389 320 5446 docem,
331 5391 358 5434 et
369 5400 441 5445 egum
453 5400 484 5433 ex
498 5391 575 5447 emto,
588 5389 616 5432 ut
626 5385 711 5433 decern
724 5385 856 5445 recipiam,
867 5385 904 5430 ite
915 5397 961 5443 pu·
998 5384 1135 5432 redoninni
1147 5382 1327 5443 exceptionem
1339 5381 1441 5428 dedolo
1453 5379 1561 5427 dandum
1573 5378 1781 5439 replicationem,
1793 5388 1847 5421 one·

66 5467 108 5513 ,to
121 5460 299 5516 competere
310 5454 370 5501 milri
383 5454 526 5516 actionem,
545 5453 567 5501 ei
580 5457 686 5514 peretur
699 5453 793 5501 rimer
810 5451 904 5511 duplae
915 5452 963 5499 eti·
998 5452 1138 5511 trigenduru
1149 5465 1201 5497 non
1213 5464 1278 5509 erre,
1290 5463 1397 5510 cumque
1408 5462 1502 5496 nocere
1513 5446 1614 5506 delere,
1626 5446 1704 5493 etiem
1717 5442 1849 5489 conutitu-

75 5526 245 5589 puletione
258 5521 451 5569 cnmtiuemre.
594 5518 597 5531 ⁴
999 5518 1444 5568 tionibueeteontentiirnuctorurc
1455 5521 1571 5564 curetur.
1599 5513 1674 5572 §.15¹
1685 5507 1848 5557 intremeret

135 5596 188 5643 lv.
212 5590 245 5638 U
255 5589 294 5650 tp
303 5591 404 5637 ianne
413 5590 480 5636 titire
493 5588 617 5635 LXXVI.
629 5589 667 5636 ari
676 5587 802 5635 Edictum.
821 5587 894 5647 Apud
905 5588 964 5635 ccl·
998 5602 1031 5636 ex
1043 5588 1169 5648 rtipulntn
1180 5588 1249 5634 ectio
1260 5591 1386 5645 competet
1398 5589 1503 5646 propter
1515 5582 1568 5629 doli
1587 5577 1742 5639 cleueulem,
1762 5581 1847 5621 temen

72 5677 137 5711 mm
150 5655 327 5719 quaeritur:
346 5655 368 5702 ri
375 5687 383 5711 ‚
394 5670 470 5717 quum
481 5656 552 5703 'litio
562 5658 725 5704 merrdement
736 5655 879 5704 creditore·
890 5656 964 5703 bere·
1000 5654 1095 5703 nocere
1106 5655 1160 5702 doli
1171 5655 1364 5715 exceptionem,
1386 5652 1438 5714 rit,
1459 5652 1481 5699 ri
1493 5650 1616 5699 adventu
1628 5659 1659 5693 ‘⁸
1674 5644 1733 5703 quid
1752 5645 1847 5691 “ilum

67 5729 193 5787 dixerit,
201 5728 237 5773 ut
252 5724 343 5772 rediret
352 5724 531 5790 hereditatem,
539 5738 605 5771 unnr
616 5738 669 5773 non
681 5723 965 5785 mendemetdeetpien-
1000 5723 1066 5783 crit;
1084 5737 1160 5785 poree
1171 5724 1239 5772 eninr
1251 5723 1389 5782 petitorem
1399 5725 1476 5783 ente,
1497 5730 1572 5779 quem
1582 5710 1719 5775 rtipulntio
1729 5708 1849 5761 connit-
