4314 6436
322 377 378 432 soo
607 372 691 427 nro
728 374 877 429 xxxiv.
910 373 936 426 z
971 372 1029 427 ns
1063 371 1191 437 suno,
1225 370 1449 441 incurro,
1483 338 1641 430 crunno
1677 377 1766 431 arc.

322 513 564 578 seteststoracirit,
586 514 660 575 eique
670 516 742 562 reddi
754 515 901 579 praecepit,
921 515 1027 562 alumno
1038 516 1171 573 praestare
1204 514 1310 562 mensis.
1337 516 1360 575 5.
1375 518 1414 563 tt.
1427 517 1458 563 lu
1469 517 1617 577 margaritis
1628 531 1727 577 quoque
1738 522 1764 567 et
1774 532 1838 568 auro
1848 519 1913 571 ideur
1923 524 2041 582 estut·

322 589 414 634 debeat
426 588 435 632 l
453 583 607 642 Respondit:
620 584 643 628 si
656 586 777 643 propriae
788 584 908 645 tuissent,
921 597 973 630 non
985 584 1086 645 dcbere,
1097 583 1119 628 si
1131 583 1169 628 le·
1205 579 1228 628 si
1238 584 1396 641 margaritae
1407 583 1464 631 auri
1476 586 1586 632 ornandi
1596 586 1679 645 gratia
1695 587 1824 645 adhibitae
1835 596 1894 636 sunt
1901 622 1910 652 ,
1931 605 1994 638 auro
2004 606 2042 640 ca-

322 659 383 714 gato
394 652 600 713 acquirerentur,
612 649 713 698 debere.
736 654 758 712 5.
771 656 795 698 2.
807 651 903 698 ltlulier
915 655 1071 698 testamento
1084 654 1110 696 et
1122 663 1171 710 po·
1205 650 1278 712 dunt,
1290 650 1312 696 si
1322 657 1422 712 contra,
1439 644 1529 699 aurum
1539 654 1687 713 margaritis
1698 656 1779 702 cedet.
1815 657 2042 717 5.16.ldernetiu

321 726 377 770 ‚tea
387 719 514 767 codicillis
553 719 829 780 ultasspeeiesvestis,
849 720 967 779 argenti,
988 717 1170 781 qgasvelipss
1205 718 1424 776 gemmisannulis
1435 720 1552 766 inclusis.
1581 724 1603 780 5.
1619 723 1658 767 lt.
1671 723 1789 770 Gemmas
1800 731 1885 774 autern
1894 730 1954 771 snut
1964 727 2043 787 pellu-

322 801 350 836 sc
361 789 513 849 confecisse,
525 734 576 834 nubi
588 787 682 834 habere
693 787 857 850 significarit,
878 786 1028 846 specialiter
1039 799 1085 845 per
1095 785 1169 832 lidel-
1205 785 1277 833 cidae
1289 786 1420 849 materiae,
1439 801 1510 851 quas,
1529 792 1557 833 ut
1567 790 1647 834 relert
1658 790 1767 837 Sabinus
1777 791 1852 839 libris
1862 795 1895 841 ad
1904 794 2043 859 Vitellium,

251 916 253 920 ι
322 856 483 903 commissum
495 854 609 912 reliquit.
645 856 796 911 Quaesitum
808 860 860 901 est:
880 869 913 901 an
925 868 977 905 nou
988 854 1056 900 aliae
1067 853 1168 910 legata·
1204 853 1447 913 Serriusalapillis
1458 870 1489 902 eo
1500 855 1683 917 distinguebat,
1694 859 1761 915 quod
1771 873 1885 918 gemmae
1896 866 1984 909 esscsn
1993 863 2044 922 pel.
2140 878 2141 885 ι

322 924 370 970 riis
387 924 521 985 cederent,
543 936 617 980 quam
632 935 696 981 quoe
715 923 741 969 in
759 923 902 969 hereditate
920 922 1043 969 inventae
1060 921 1168 968 essenti
1203 920 1306 968 lucidae
1316 922 1449 985 materiae,
1472 923 1553 969 veluti
1564 925 1702 987 smaragdi,
1724 927 1886 990 chrysolithi,
1902 926 2045 994 amethysti,
2140 984 2141 987 Ἴ

321 991 477 1050 Respondit:
489 1005 532 1039 ess
543 990 643 1051 cedere,
655 1004 719 1049 quae
731 992 852 1037 inuentae
864 994 959 1037 essent.
1203 989 1289 1048 lapilli
1300 992 1386 1036 autem
1397 988 1546 1038 contrariae
1556 991 1732 1050 superioribus
1743 1000 1862 1050 naturae,
1873 998 2045 1061 utobsidiani,
2140 1000 2141 1019 i

374 1058 444 1105 xlx.
467 1060 491 1106 U
497 1058 706 1119 tpirsssnsts'bro
720 1058 779 1105 XX.
791 1059 828 1105 cd
838 1057 968 1105 Sabinum.
1004 1058 1167 1105 Cumaurum
1205 1056 1345 1103 veientani.
1382 1059 1404 1117 5.
1418 1060 1457 1104 18.
1477 1058 1633 1117 Margaritae
1643 1065 1727 1106 autern
1738 1075 1786 1109 uec
1797 1064 1904 1121 gemmis
1914 1078 1963 1111 nec
1974 1064 2047 1124 lapil-
2140 1102 2141 1109 ,

322 1130 349 1173 et
359 1132 493 1185 argentum
505 1127 618 1185 legatum
629 1133 675 1187 est,
687 1126 807 1185 quidquid
819 1125 878 1172 auri
888 1116 1041 1185 argentique
1049 1126 1168 1176 relictum
1202 1124 1236 1170 lia
1248 1123 1387 1187 contineri,
1399 1124 1463 1170 satis
1474 1127 1633 1188 emistitisse,
1642 1126 1736 1174 ibidem
1742 1130 1852 1176 Sabinus
1862 1131 1979 1194 ait,quia
1987 1146 2047 1178 con-

322 1194 366 1255 sit,
378 1193 463 1252 legato
474 1194 631 1254 continetur,
643 1194 698 1241 sire
710 1192 806 1241 iactum
817 1192 872 1239 sire
883 1191 1167 1253 inlectum3pecunium
1203 1192 1250 1238 cha
1260 1193 1327 1251 apud
1338 1192 1445 1239 rubrum
1455 1207 1526 1241 marc
1538 1198 1563 1241 et
1574 1193 1665 1240 crescit
1676 1200 1702 1245 et
1713 1196 1844 1244 coalescit.
1881 1200 1960 1258 519.
1978 1202 2047 1253 hlop-

294 1275 296 1279 ’
321 1266 406 1308 aotem
418 1263 545 1322 signatam
556 1259 639 1319 placet
650 1276 681 1308 eo
694 1263 780 1321 legato
791 1275 844 1309 non
856 1261 994 1307 contineri.
1006 1264 1029 1321 5.
1042 1263 1063 1307 1.
1073 1261 1167 1306 Proin·
1202 1257 1278 1306 rhina
1288 1264 1374 1307 autern
1387 1274 1447 1307 rasa
1456 1261 1485 1307 in
1496 1262 1602 1321 gemmis
1613 1276 1665 1308 non
1677 1277 1742 1325 csse,
1753 1264 2046 1327 Cassiusscribit.5ht.
2140 1256 2141 1267 ¹

321 1330 353 1376 dc
364 1328 387 1374 si
405 1337 503 1377 certum
514 1328 615 1388 pondus
630 1330 687 1376 auri
704 1330 739 1376 sit
755 1330 870 1388 legatum
889 1327 930 1375 rel
947 1326 1063 1391 argenti,
1084 1327 1167 1386 magis
1202 1327 1274 1375 Auro
1286 1330 1372 1387 legato
1383 1342 1444 1375 vasa
1455 1343 1533 1376 aurea
1543 1329 1718 1393 continentur,
1730 1337 1756 1379 et
1767 1333 1873 1391 gemmis
1880 1348 1998 1392 gemmea
2009 1349 2048 1380 ra·

322 1398 548 1457 quantitaslegata
562 1396 671 1459 videtur,
692 1411 740 1443 nee
751 1411 784 1444 ex
798 1397 865 1442 s'asis
877 1400 974 1454 tanget.
1010 1397 1033 1455 5.
1046 1402 1069 1441 2.
1082 1396 1133 1441 Sed
1144 1393 1165 1439 si
1202 1407 1239 1441 aa.
1275 1395 1421 1444 Secundum
1436 1397 2047 1463 haecsircgemmaesintinaurcisrasis,sire

321 1466 424 1524 argenti
440 1465 502 1513 tacti
522 1464 608 1524 pondo
627 1470 731 1511 centnm
742 1463 794 1509 sint
806 1465 905 1524 legata,
926 1474 960 1511 ex
972 1461 1039 1510 iacto
1054 1468 1165 1521 argento
1202 1462 1229 1508 iu
1241 1463 1383 1527 argenteis,
1402 1476 1466 1511 auro
1477 1471 1621 1524 argentove
1633 1466 1740 1528 cedent,
1761 1464 1881 1525 quoniam
1892 1468 1944 1515 hoc
1954 1475 2048 1528 speeta-

322 1532 456 1581 debebitur
468 1535 586 1592 tegatom.
623 1533 694 1580 Unde
712 1537 751 1579 est
762 1531 906 1592 quaesitum
922 1531 987 1590 apud
998 1530 1112 1576 Celsum:
1134 1543 1166 1575 an
1202 1544 1269 1592 mus,
1280 1545 1399 1588 quaeres
1410 1532 1483 1579 cuius
1493 1533 1533 1579 rei
1544 1533 1676 1580 ornandae
1685 1547 1761 1581 causa
1771 1536 1851 1582 tuerit
1862 1536 1990 1601 adhibita,
2000 1551 2048 1583 noa

321 1604 348 1646 et
360 1602 464 1647 vaseula
474 1601 557 1660 possit
568 1602 705 1657 separaret
729 1600 762 1645 Et
773 1599 891 1658 scripsit:
914 1597 1018 1645 vaseula
1030 1612 1082 1644 non
1094 1610 1167 1656 sepa-
1202 1609 1267 1655 quae
1277 1598 1311 1644 sit
1319 1598 1469 1659 pretiosior.

320 1672 448 1732 rasorum,
459 1669 519 1715 lieet
529 1669 553 1714 ci
565 1668 636 1727 optio
648 1665 727 1713 fuerit
738 1667 840 1714 relicta.
876 1667 899 1725 5.
913 1667 937 1713 3.
954 1666 1024 1712 idern
1034 1666 1123 1712 celsus
1133 1663 1167 1710 li·
1252 1664 1310 1712 xx.
1330 1653 1795 1717 Pautusis'bro[Harmodium.
1831 1669 1869 1731 Si,
1891 1671 2048 1720 uthabiliter

320 1736 369 1782 bro
386 1749 455 1783 nono
473 1736 572 1783 decimo
582 1736 769 1791 Quaestionum
788 1734 902 1791 quaerit:
922 1733 944 1779 si
962 1737 1064 1780 centurn
1080 1732 1166 1791 pondo
1202 1746 1315 1791 gemmae
1328 1735 1385 1793 geri
1403 1736 1513 1800 possint,
1534 1735 1650 1783 inclusae
1668 1749 1732 1783 auro
1752 1736 1866 1800 tuerint,
1888 1738 1946 1785 tuns
1965 1753 2048 1787 aurun

321 1805 423 1862 argenti
435 1803 533 1851 tuerint
545 1803 646 1866 relicta,
656 1817 689 1849 an
701 1802 857 1862 replumbari
864 1802 981 1863 debeant,
992 1800 1166 1858 utsicappen·
1203 1799 1310 1859 gemmis
1321 1801 1430 1849 dicimos
1441 1804 1540 1850 cedere.
1988 1801 1994 1815 '

321 1870 434 1919 dauturl
454 1871 488 1917 Et
497 1871 621 1920 Proculus
636 1875 662 1917 et
674 1870 762 1917 Celsus
779 1870 866 1916 aiunt:
887 1872 992 1915 exemto
1004 1868 1107 1927 plumbo
1121 1880 1167 1926 ap·
1245 1866 1317 1915 Xltl.
1337 1870 1732 1930 PomponisstibroV1.cd
1741 1871 1876 1919 Saliares.
1900 1872 2048 1932 inargentat

319 1939 398 1997 pendi
410 1939 516 2000 debere;
536 1952 595 1986 narn
605 1941 632 1986 et
642 1939 782 1987 emtoribus
797 1937 973 1998 replumbatae
990 1936 1167 1997 assignantur,
1202 1935 1309 1994 potorio
1320 1940 1405 1984 utrum
1415 1938 1441 1984 id
1451 1939 1579 1986 duntaxat
1589 1939 1633 2003 sit,
1652 1939 1681 1985 in
1693 1953 1743 1999 quo
1755 1940 1808 1986 bibi
1820 1940 1914 2003 possit,
1932 1954 1966 1986 an
1977 1941 2049 1987 etiam

321 2010 347 2052 et
356 2007 385 2055 iu
396 2008 513 2056 rationes
538 2006 623 2066 rgenti
635 2007 735 2068 pondus
751 2007 789 2053 sic
805 2007 934 2065 defertur,
955 2017 1019 2062 quae
1036 2002 1169 2051 sententis
1204 2002 1240 2064 id,
1253 2004 1321 2061 quod
1331 2006 1363 2051 ad
1372 2008 1597 2066 praeparationem
1608 2007 1711 2055 bibendi
1722 2013 1899 2066 comparatum
1910 2014 1961 2071 est,
1973 2007 2049 2055 relutt

319 2073 398 2123 habet
407 2076 544 2124 rationem.
566 2077 589 2137 5.
602 2078 625 2120 t.
637 2076 718 2122 Plane
728 2074 750 2120 si
762 2072 803 2120 cui
815 2073 921 2121 vascula
931 2075 1064 2134 argentea,
1074 2075 1168 2132 utputa
1203 2070 1288 2117 colum
1300 2072 1428 2119 uicarium
1439 2077 1465 2120 et
1481 2073 1579 2121 urceoli
1591 2076 1600 2121 t
1621 2074 1733 2121 dubitari
1750 2080 1846 2133 potest.
1882 2075 1937 2122 Sed
1947 2077 2050 2135 propias

319 2141 409 2192 lances
419 2145 567 2206 quadratae,
586 2144 640 2190 sint
650 2143 761 2203 legatae,
777 2141 855 2187 etiam
866 2140 1003 2201 plumbum,
1021 2152 1071 2196 quo
1084 2138 1167 2188 conti·
1203 2142 1250 2200 est,
1262 2143 1290 2185 ut
1301 2140 1365 2186 haec
1374 2153 1473 2200 qnoque
1484 2142 1576 2189 insint.
1596 2143 1618 2201 5.
1633 2145 1655 2189 l.
1668 2143 1814 2201 tinguentia
1823 2143 1987 2203 legatisnon
1997 2149 2048 2190 taa-

320 2218 422 2276 nentor,
434 2222 491 2260 eum
503 2214 633 2269 sequetur.
669 2213 692 2271 5.
706 2214 729 2256 5.
741 2209 828 2256 Simili
839 2209 916 2255 modo
927 2208 1074 2266 quaeritne:
1091 2205 1167 2254 sicui
1204 2209 1256 2252 tum
1267 2221 1298 2255 ea
1310 2207 1397 2267 legata
1408 2208 1535 2271 sidentur,
1557 2209 1648 2266 quibos
1660 2210 1799 2270 unguimur
1811 2212 1958 2269 voluptatis
1967 2225 2048 2271 ussa,

320 2285 457 2340 argentum
467 2282 585 2340 legetur,
607 2292 640 2325 su
652 2278 804 2325 emblemata
819 2289 911 2338 aurea,
933 2289 998 2333 quae
1012 2275 1039 2321 iu
1053 2289 1084 2322 eo
1097 2279 1167 2331 sunt,
1202 2273 1283 2322 sedet
1294 2274 1459 2336 valetudinis,
1472 2277 1559 2334 qualia
1569 2282 1630 2324 sunt
1645 2290 1817 2340 commagena,
1830 2279 1964 2341 glaucina,
1974 2279 2048 2326 crini·

321 2361 378 2395 eum
389 2349 548 2409 sequantnrl
571 2347 605 2393 Et
615 2346 773 2406 Pomponius
785 2344 852 2390 libro
864 2344 956 2403 quinto
970 2357 1004 2391 ex
1018 2342 1115 2389 Sabino
1127 2341 1167 2389 di·
1202 2354 1244 2402 na,
1256 2341 1374 2404 rhodius,
1395 2345 1523 2403 emyrrha
1535 2359 1643 2407 quoque,
1664 2350 1716 2391 tum
1730 2344 1868 2392 nardinum
1880 2356 1989 2405 purum,
2005 2346 2046 2393 bos

322 2416 446 2476 stinguit:
467 2416 576 2463 multum
586 2414 721 2473 interesse,
736 2416 835 2460 certum
845 2412 945 2471 pondus
957 2411 981 2458 ei
992 2412 1094 2473 argenti
1106 2408 1166 2458 sacti
1201 2408 1303 2465 quidem
1314 2409 1401 2472 etiam,
1411 2424 1461 2472 quo
1472 2411 1648 2470 elegantiores
1659 2414 1711 2459 sint
1722 2417 1748 2460 et
1759 2414 1922 2470 mundiores,
1934 2427 2046 2473 unguun-

319 2484 433 2543 legetur,
444 2497 477 2530 an
487 2497 549 2531 vero
560 2486 696 2543 argentum
706 2480 852 2539 laetantui
861 2478 970 2543 pondus,
981 2492 1034 2525 non
1047 2477 1167 2525 contine·
1202 2480 1245 2523 tur
1256 2477 1375 2525 feminae.
1401 2480 1425 2542 5.
1437 2482 1461 2525 2.
1474 2480 1523 2525 Sed
1535 2480 1566 2527 de
1577 2481 1751 2540 aquiminorio
1763 2482 1868 2528 Cassius
1880 2482 2045 2528 sitrcousul-

319 2552 360 2609 ri,
380 2552 403 2600 si
414 2555 553 2612 argentum
563 2552 666 2612 tactum,
682 2547 822 2609 contineri,
839 2547 958 2605 quostiam
969 2550 1079 2606 argento
1090 2544 1166 2608 cedit,
1202 2548 1256 2590 tum
1267 2558 1294 2591 se
1305 2546 1479 2609 respondisse,
1499 2560 1574 2604 quum
1585 2546 1663 2595 alteri
1674 2553 1809 2608 argentum
1820 2549 1965 2613 potorium,
1975 2547 2047 2600 uteri

320 2620 388 2679 quod
399 2618 431 2666 ad
443 2619 552 2681 speciem
561 2616 790 2680 argentiiunctum
801 2618 841 2661 est
848 2650 855 2679 ,
876 2614 1087 2674 quemadmodum
1098 2612 1165 2660 clari
1201 2612 1329 2660 escarium
1338 2611 1452 2672 legatum
1463 2618 1540 2678 esset,
1551 2615 1651 2663 escario
1663 2618 1763 2664 cedere.

319 2687 393 2735 aurei
404 2691 431 2734 ct
441 2700 571 2747 purpurae
581 2699 639 2746 pars
651 2689 711 2731 suut
722 2683 946 2730 vestimentorum.
975 2682 1046 2729 ldem
1056 2683 1166 2739 Pompo·
1250 2678 1334 2726 xxii.
1355 2682 2046 2742 UlpianuslibroXX11.adSabs'sssss.t'estinen-

320 2756 380 2802 nius
395 2755 471 2802 libris
487 2754 677 2815 Epistularum:
698 2755 724 2799 st
740 2753 763 2798 si
783 2764 837 2797 non
854 2754 915 2798 suut
927 2748 993 2799 elavi
1004 2749 1166 2796 vestimentis
1200 2750 1254 2794 tum
1264 2747 1290 2794 id
1301 2751 1349 2809 est,
1360 2749 1429 2806 quod
1439 2750 1573 2798 detestom
1584 2755 1631 2807 est,
1644 2753 1694 2799 etsi
1706 2753 1841 2800 desectum
1852 2755 1953 2814 nonsit,
1965 2752 1990 2798 id
2000 2755 2042 2803 est

319 2822 437 2885 consuti,
457 2828 543 2871 tamen
556 2826 626 2869 reste
642 2820 730 2880 legata
741 2818 881 2865 contineri.
917 2819 940 2878 5.
955 2821 978 2864 o.
1001 2818 1064 2865 ltem
1075 2817 1165 2864 Celsus
1200 2815 1222 2861 si
1233 2814 1268 2860 sit
1278 2822 1489 2863 consummatum.
1526 2817 1706 2872 Quodintela
1720 2824 1760 2866 est
1777 2821 2040 2879 nondumpertextum

318 2891 387 2939 libro
397 2890 576 2937 nonodecimo
589 2889 764 2950 Digestorum,
785 2884 1035 2934 Commentariorum
1047 2884 1165 2947 septimo,
1201 2881 1243 2929 vel
1254 2882 1396 2946 detextum,
1409 2887 1560 2933 contextum
1571 2888 1728 2947 appellatur.
1751 2887 1851 2945 Siquis
1863 2887 1939 2947 igitur
1949 2892 2042 2935 eumn

319 2958 424 3007 scribit:
435 2971 499 3005 suro
510 2958 598 3017 legato
609 2970 649 3019 ea,
660 2968 725 3016 quac
738 2955 933 3014 inauratasont,
945 2966 999 3000 uon
1009 2952 1106 3014 deberi,
1117 2965 1165 3000 nee
1201 2951 1340 3015 legaverit,
1360 2965 1445 3014 neque
1455 2958 1570 3018 stamen,
1592 2969 1674 3013 neque
1688 2957 1823 3007 subteneo
1833 2956 1924 3015 legato
1932 2956 2044 3005 contina-

319 3040 399 3075 aurea
409 3027 570 3088 emblemata,
582 3023 685 3085 quaein
696 3022 826 3083 opsidibus
836 3020 969 3082 argenteis
980 3020 1041 3067 sint.
1054 3022 1077 3082 5.
1089 3023 1114 3066 t.
1124 3021 1165 3068 An
1200 3017 1277 3065 bitur.

318 3099 401 3141 autem
411 3093 469 3141 suri
479 3092 655 3153 appellatione
666 3091 758 3151 annuli
766 3089 838 3138 aurel
850 3088 1050 3137 contineantur?
1063 3089 1165 3148 quaeri·
1251 3085 1347 3134 XXlll.
1366 3088 1453 3136 rnen
1464 3090 1531 3136 libro
1543 3089 1638 3139 xm.
1649 3090 1830 3140 ursanensi.
1862 3093 2047 3142 Vestisanre·

319 3166 370 3209 tur.
398 3161 432 3208 Et
442 3161 557 3219 Quintus
568 3161 725 3209 Saturninos
736 3158 802 3205 libro
815 3156 913 3205 decimo
924 3157 956 3203 ad
969 3157 1089 3203 Edictum
1099 3155 1165 3203 scri·
1200 3153 1641 3219 stlmentalegeritnr,nibilretcrt.
1678 3162 1701 3221 5.
1716 3159 1981 3210 hvestimentorum
1992 3161 2047 3209 east

317 3228 521 3278 bitteoutineri.
558 3232 582 3290 5.
595 3232 621 3276 8.
640 3228 745 3275 Lectum
756 3225 832 3286 pians
843 3229 1005 3287 argenteum,
1027 3222 1068 3269 rel
1082 3223 1103 3269 si
1115 3236 1166 3282 qua
1200 3222 1287 3269 omnia
1296 3222 1383 3281 lanea,
1400 3224 1529 3288 lineaque,
1541 3227 1582 3273 vel
1594 3226 1685 3288 series,
1704 3228 1746 3274 rel
1757 3228 1925 3291 bombycina,
1937 3231 2048 3288 quaeis·

316 3297 370 3345 alia
381 3298 499 3356 supertes
511 3300 635 3356 argentea
646 3296 695 3359 sit,
716 3293 819 3354 argenti
830 3293 1006 3353 appellatione
1017 3303 1071 3337 non
1081 3291 1165 3338 eonti-
1199 3288 1303 3351 ducudi,
1315 3292 1509 3354 praecingendi,
1519 3294 1666 3352 amiciendi,
1677 3296 1849 3359 insternendi,
1862 3294 2005 3345 inliciendi
2014 3298 2049 3344 ia-

317 3370 405 3428 uetur,
413 3366 436 3412 si
446 3377 555 3412 numero
566 3364 669 3424 argenti
681 3360 770 3409 habits
780 3374 834 3407 uon
845 3365 894 3424 est,
911 3363 941 3407 ut
952 3361 980 3406 in
991 3360 1111 3406 iunctura
1122 3372 1164 3406 ar-
1199 3357 1343 3406 cobsndise
1360 3372 1438 3406 causa
1448 3364 1539 3420 parata
1554 3368 1629 3425 sont,
1649 3366 1676 3410 et
1689 3377 1753 3423 quae
1764 3363 1804 3410 bis
1822 3365 1990 3413 accessionis
2000 3365 2051 3413 sice

317 3439 411 3494 gentea
421 3433 475 3480 scio
488 3446 528 3480 me
541 3431 648 3493 dixisse,
669 3430 736 3489 quod
746 3442 801 3476 oon
812 3429 841 3476 in
851 3426 1004 3488 argentario
1016 3426 1164 3486 paterfami-
1199 3424 1302 3489 cedunt,
1323 3432 1459 3485 quaesunt
1477 3427 1574 3476 insitae
1584 3431 1709 3493 picturae,
1729 3430 1858 3489 clarique,
1881 3434 1929 3493 qni
1942 3435 2052 3481 vestiis!
2140 3428 2141 3439 ¹

316 3501 366 3548 lias
376 3501 526 3559 reponebat.
537 3499 587 3549 Sed
598 3512 647 3546 uec
657 3497 819 3560 candelabra,
829 3510 878 3544 nec
887 3497 1010 3545 lucernae
1018 3498 1164 3557 argenteae,
1200 3492 1346 3546 iusuuntur.
1383 3499 1406 3557 5.
1418 3499 1443 3543 2.
1463 3497 1624 3545 Vestimenta
1643 3499 1730 3545 omnia
1746 3502 1790 3544 aut
1801 3499 1895 3547 virilia
1906 3508 1974 3548 sunt
1981 3533 1992 3560 ,
2012 3503 2053 3548 ast

318 3568 360 3615 rel
371 3567 468 3629 sigilla,
480 3579 545 3627 quse
555 3570 583 3615 in
593 3568 669 3614 domo
681 3565 796 3624 reposita
807 3569 877 3625 sunt,
889 3564 930 3611 rel
938 3563 1064 3622 imagines
1071 3575 1165 3622 orgen·
1200 3561 1321 3620 puerilis,
1332 3567 1378 3609 aut
1388 3563 1535 3628 muliebria,
1547 3570 1591 3612 aot
1602 3567 1756 3627 communia,
1767 3571 1813 3612 aut
1824 3568 2001 3618 familiarica.
2012 3568 2053 3616 l'i·
2140 3570 2141 3577 ’

255 3628 259 3635 ’
319 3639 376 3683 tcae
387 3635 489 3695 argenti
499 3633 677 3694 appellatione
687 3633 901 3698 continebuntur,
920 3645 969 3680 nec
980 3630 1165 3690 speculumpa-
1199 3627 1260 3676 rilia
1273 3634 1344 3694 sunt,
1357 3645 1422 3693 quae
1433 3631 1515 3692 ipsius
1526 3634 1722 3691 patrisfamilias
1733 3647 1809 3681 causa
1820 3641 1916 3694 parata
1927 3639 2052 3699 sonaret·

318 3703 380 3751 rieti
393 3706 507 3765 atitxum,
518 3705 561 3752 vel
571 3703 650 3751 etiam
660 3699 730 3761 qnod
739 3700 836 3748 molier
845 3700 934 3747 mundi
945 3712 1022 3748 causa
1031 3698 1131 3760 habuit,
1142 3698 1164 3746 si
1202 3697 1241 3744 nti
1250 3700 1346 3761 -togae,
1357 3700 1469 3764 tunicae,
1479 3700 1596 3763 palliola,
1608 3702 1769 3762 vestimenta,
1781 3703 1912 3766 stragula,
1928 3704 2053 3766 amphita-

319 3770 397 3817 modo
415 3784 468 3817 non
488 3770 516 3817 in
532 3769 635 3832 argenti
646 3781 755 3815 numero
767 3769 854 3817 habita
864 3772 932 3816 sunt.
968 3769 992 3831 5.
1004 3769 1028 3812 9.
1048 3766 1165 3826 Argenta
1200 3777 1241 3825 pa,
1252 3768 1279 3813 et
1290 3780 1361 3831 saga,
1371 3769 1519 3826 reliquaque
1531 3769 1637 3816 similia.
1663 3770 2054 3828 Pueriliasunt‚qnaeadnal-
2140 3814 2141 3827 ,

317 3839 388 3885 facto
401 3837 498 3899 legato,
518 3840 631 3895 Quintus
641 3836 742 3885 Mucius
755 3837 802 3899 ait,
817 3849 880 3883 sasa
890 3838 1015 3895 argentea
1024 3834 1164 3898 contineri,
1199 3832 1252 3880 lum
1263 3833 1343 3881 alium
1353 3847 1428 3883 usum
1437 3837 1580 3900 pertinent,
1592 3837 1787 3901 nisipuerilem,
1800 3838 1883 3885 ueluti
1892 3836 2053 3903 togaeprae'·

317 3904 401 3953 ueluti
412 3906 572 3966 parapsides,
587 3905 727 3967 acetabula,
743 3903 835 3952 trullas
864 3904 961 3965 pelves,
972 3906 999 3949 et
1010 3901 1050 3948 liis
1061 3901 1165 3967 similia,
1199 3903 1298 3958 testae,
1309 3901 1432 3966 alieniae,
1444 3905 1600 3970 chlamydes,
1612 3906 1702 3968 pallia,
1719 3919 1785 3967 quae
1795 3906 1859 3952 tiliis
1871 3910 1981 3956 nostris
1991 3920 2054 3955 cons·

316 3987 372 4021 nou
383 3976 469 4023 tamen
480 3987 545 4033 quac
556 3972 725 4033 supellectilis
737 3975 805 4020 sunt.
828 3939 865 4034 ζ
880 3972 918 4018 lb.
939 3970 990 4016 Sed
1007 3968 1030 4015 si
1043 3982 1104 4017 rasa
1113 3970 1165 4017 sint
1198 3981 1325 4027 paramus.
1360 3972 1501 4019 Muliebris
1512 3978 1586 4036 sunt,
1608 3987 1673 4034 quae
1684 3974 1891 4020 matrisfamilias
1903 3990 1989 4025 caasa
1998 3974 2055 4022 suat

315 4043 411 4103 legata,
432 4056 485 4090 non
497 4042 582 4089 solom
592 4054 624 4089 es
634 4041 817 4102 continentur,
837 4052 902 4099 quse
912 4037 1008 4099 aliquid
1020 4036 1047 4084 in
1058 4050 1085 4084 aa
1096 4038 1165 4084 reci·
1199 4039 1362 4102 comparata,
1384 4039 1476 4097 quibus
1488 4040 1529 4087 sir
1539 4055 1592 4088 non
1604 4042 1681 4089 taciie
1692 4042 1731 4088 uti
1744 4045 1830 4101 potest
1847 4042 1911 4090 sine
1926 4045 2056 4103 vitupera·

315 4111 390 4169 piant
400 4109 493 4159 edendi
503 4109 657 4167 bibendique
668 4122 745 4159 causa
754 4111 882 4170 paratum,
898 4104 944 4155 sad
954 4108 981 4152 et
990 4118 1056 4163 quse
1066 4103 1165 4162 aliquid
1198 4104 1280 4168 tlonc,
1292 4105 1375 4153 veluti
1385 4107 1478 4170 stolae,
1489 4109 1577 4173 pallia,
1597 4110 1711 4170 tunicae,
1729 4109 1834 4169 capitia,
1846 4122 1948 4170 sonae,
1959 4113 2058 4173 niteas,

314 4178 477 4242 sustineant,
498 4180 524 4225 et
534 4178 593 4226 ideo
610 4175 733 4224 scutellas
749 4175 790 4223 sel
808 4173 1008 4239 promulsidaria
1024 4173 1163 4221 contineri.
1200 4184 1265 4230 quae
1276 4173 1358 4234 magis
1368 4176 1461 4235 capitis
1472 4178 1586 4239 tegendi,
1609 4190 1683 4237 quam
1695 4178 1806 4224 ornandi
1818 4190 1897 4225 causa
1911 4186 1981 4227 sunt
1991 4193 2056 4227 eoa·

314 4245 481 4306 Repositoria
491 4258 593 4306 quoquc
604 4243 822 4301 continebuntur;
845 4255 903 4289 nam
919 4254 1039 4289 rasorum
1050 4241 1165 4302 appella-
1200 4242 1300 4304 parata,
1318 4241 1446 4305 plagulae,
1463 4246 1598 4303 paenulae.
1635 4245 1787 4293 Gomnsuuia
1798 4249 1871 4306 sunt,
1886 4249 1992 4307 quibas
2001 4259 2057 4307 pre·

315 4314 353 4360 tio
370 4315 502 4374 generalis
523 4318 575 4373 est,
595 4311 704 4359 dicimus
724 4314 791 4359 enim
811 4323 874 4359 vasa
891 4309 994 4357 vinaria
1011 4312 1037 4355 et
1052 4309 1164 4356 nasaiia.
1198 4308 1297 4356 miscus
1308 4310 1393 4359 utitur
1403 4312 1560 4360 muliercum
1573 4314 1646 4376 viro,
1668 4313 1748 4360 ueluti
1762 4314 1784 4365 si
1799 4312 1934 4363 eiusmodi
1947 4312 2055 4378 pussula

315 4382 339 4442 5.
353 4383 391 4428 ll.
414 4381 507 4431 infecti
528 4384 612 4429 autem
634 4380 742 4445 argenti¹
757 4379 898 4438 appellatio
918 4379 1008 4425 rudem
1030 4376 1165 4424 materiam
1199 4375 1341 4436 palliamus
1352 4381 1400 4441 est,
1412 4384 1438 4426 et
1448 4379 1550 4438 reliqua
1560 4381 1717 4440 huiuamodi,
1733 4381 1826 4451 quibus
1837 4381 1898 4429 sine
1912 4385 2057 4447 repreben-

316 4447 442 4515 eontinet,
454 4451 531 4498 idest
543 4448 708 4496 confictam.
743 4446 810 4505 Quid
821 4460 892 4508 ergo,
912 4445 1065 4509 sicoeptum
1075 4445 1111 4491 sit
1121 4458 1164 4491 sr-
1199 4444 1616 4503 siouevelvirrelurorutatnr.
1635 4448 2057 4511 l'smiliuricasunt,qnaeadta-

316 4519 422 4576 gentum
434 4515 575 4577 fabricari,
597 4515 712 4563 nondum
729 4515 983 4575 tamsnpcrteetuml
1004 4516 1090 4560 utrum
1100 4512 1163 4560 iacti
1198 4510 1297 4560 millam
1307 4514 1467 4563 vestiendam
1479 4521 1645 4579 paratasnnt,
1656 4514 1813 4577 sicutissga,
1826 4517 1950 4583 tunicae,
1962 4530 2060 4580 mesa-

314 4597 347 4631 an
358 4586 449 4634 intecti
460 4583 634 4645 appellatione
646 4581 822 4644 contineatur,
832 4581 943 4630 dubitari
951 4581 1104 4640 potest3sed
1115 4593 1163 4640 pu·
1198 4580 1249 4643 lae,
1259 4580 1351 4647 lintea,
1363 4582 1516 4632 vestimenta
1526 4587 1651 4648 stragula,
1662 4589 1688 4633 et
1698 4585 1857 4633 consimilia.
1894 4587 1961 4647 Μ.
1974 4584 2060 4634 vasis

315 4655 343 4698 to
356 4656 437 4715 magis
453 4654 515 4700 tacti
559 4652 635 4700 Certe
653 4650 675 4697 sl
692 4653 742 4697 iam
754 4652 810 4701 erat
820 4651 928 4710 tactum,
949 4650 994 4696 sed
1004 4649 1163 4706 molebatur,
1199 4647 1278 4696 etiam
1288 4663 1321 4697 ex
1333 4652 1444 4710 pellibus
1456 4653 1592 4711 constabit,
1640 4654 1644 4662 '
2140 4694 2141 4709 ,

314 4720 377 4766 tacti
388 4721 565 4783 appellatione
573 4718 758 4768 continebitur.
784 4720 823 4764 Αιι
835 4721 862 4765 et
873 4717 965 4764 caelati
977 4717 1163 4781 continebitur,
1249 4715 1342 4765 ltxlv.
1361 4720 1674 4768 PauluslibroXI.crl
1684 4721 1818 4771 Salinsai.
1845 4718 2061 4778 Quumettani·

315 4788 383 4847 quod
397 4788 493 4837 caelari
504 4788 607 4848 coepitl
628 4788 663 4834 Et
674 4790 736 4846 puto
748 4785 888 4847 contineri,
909 4784 931 4830 si
944 4784 984 4831 coi
995 4787 1066 4832 torte
1078 4785 1163 4833 caela·
1198 4796 1241 4831 ess
1252 4790 1277 4831 et
1288 4787 1405 4847 stragula
1416 4786 1520 4847 pellicia
1531 4787 1651 4834 nonnulli
1664 4790 1782 4837 babeant.

314 4858 369 4902 tum
381 4856 416 4903 sit
426 4862 561 4915 argentum
571 4856 695 4916 legatum.
714 4858 738 4916 5.
750 4856 787 4901 12.
799 4855 827 4902 Si
838 4853 879 4900 cui
891 4853 1016 4900 escarium
1027 4850 1162 4913 argentum
1251 4851 1331 4900 XXV.
1352 4857 1377 4902 U
1382 4857 1394 4900 t
1396 4859 1501 4916 pians
1509 4859 1594 4904 str'bro
1602 4857 1702 4904 XLIV.
1710 4859 1748 4905 cet
1755 4856 1896 4905 Subsisass.
1906 4856 2061 4918 Argumen-
2140 4866 2141 4887 ι

314 4919 428 4981 legatum
438 4923 483 4979 sit,
502 4925 528 4973 id
538 4924 623 4973 solum
634 4924 777 4985 debebitur,
791 4923 859 4981 quod
869 4921 900 4968 ad
909 4921 1063 4980 epulandum
1075 4920 1103 4966 in
1114 4923 1162 4969 mi·
1199 4923 1226 4966 to
1237 4924 1298 4966 suist
1309 4922 1387 4970 etiam
1399 4923 1520 4971 nationes
1530 4926 1662 4985 quaedam,
1683 4926 1764 4972 retuti
1776 4927 1978 4991 Sarmatarum,
1995 4939 2062 4988 qnae

312 4989 892 5055 nistcmohahuit,idestadesumetpotnm.
929 4988 1162 5046 Undedeaqoiari-
1197 4986 1307 5046 pellibus
1319 4994 1451 5051 teguntur.
1482 4994 1505 5052 5.
1520 4994 1541 5039 i.
1554 4992 1642 5039 Aristo
1653 4992 1729 5040 etiarn
1741 4993 1865 5040 coactitia
1876 4996 1953 5042 resti
1967 4998 2061 5045 cedere
2140 5002 2141 5005 ’

236 5108 242 5115 ,
314 5058 390 5106 nario
401 5058 542 5107 dubitatum
553 5063 601 5107 est.
616 5061 653 5107 lit
662 5063 725 5120 puto
737 5057 948 5116 contineri3nam
959 5063 986 5104 et
998 5054 1046 5103 boc
1056 5061 1162 5118 propter
1197 5055 1305 5114 ait3sed
1315 5063 1342 5104 et
1352 5063 1500 5120 tegumenta
1510 5059 1691 5106 subselliorum
1701 5060 1762 5107 hnic
1772 5061 1861 5121 legato
1872 5063 1986 5112 cedere.
2000 5067 2026 5126 5.
2036 5070 2060 5110 2.
2140 5062 2141 5071 ¹

315 5139 399 5175 escam
411 5129 525 5187 paratur.
544 5128 620 5177 certe
630 5127 652 5175 si
666 5129 772 5175 cacabos
783 5130 921 5186 argenteos
932 5124 1049 5185 habebat,
1063 5127 1102 5173 rel
1113 5127 1161 5172 mi·
1196 5124 1283 5171 l'ittae
1303 5127 1511 5186 margaritarum,
1531 5127 1593 5174 item
1612 5127 1704 5174 fibulae
1725 5134 1946 5179 ornamentorum
1966 5134 2062 5194 magis,

312 5191 1161 5257 lisrlumargenteum,velsartaginem,velaitudrsssdcoquen-
1197 5203 1272 5248 quam
1283 5196 1443 5242 reatissunt.
1472 5197 1495 5256 5.
1511 5198 1534 5242 3.
1548 5194 1647 5253 'rspeta
1658 5196 1724 5241 resti
1735 5197 1838 5259 cedunt,
1850 5209 1917 5256 quae
1931 5204 2063 5247 autster·
2140 5212 2141 5219 ¹

313 5263 382 5324 dum,
390 5261 500 5308 dubitari
512 5263 616 5325 poterit,
629 5276 663 5311 an
674 5263 771 5310 escario
783 5262 968 5310 contineaturt
989 5260 1022 5306 Et
1033 5261 1097 5309 hsce
1107 5276 1161 5308 ma-
1196 5260 1224 5305 ni
1235 5262 1280 5307 snt
1291 5259 1364 5310 iniiei
1376 5262 1470 5309 solent.
1482 5264 1533 5311 Sed
1545 5262 1675 5322 stragulae
1685 5267 1711 5310 et
1722 5264 1887 5325 babylonica,
1897 5279 1976 5324 qnae
1987 5266 2063 5328 equis

209 5387 214 5395 υ
312 5329 353 5390 gis
364 5329 540 5387 coquinatorii
551 5329 716 5377 instrumenti
732 5334 802 5377 sont.
840 5331 916 5390 51³.
940 5329 1160 5376 Perveniamuset
1196 5326 1305 5374 insterni
1317 5329 1413 5392 solent,
1423 5343 1477 5378 non
1489 5334 1551 5391 puto
1563 5330 1644 5377 restis
1654 5344 1718 5378 esse.
1738 5333 1761 5392 5.
1774 5336 1799 5379 t.
1810 5332 1923 5379 Fasciae
1937 5326 2077 5383 erentes

312 5397 344 5445 ad
356 5408 468 5457 gemmas
479 5396 594 5443 inclusas
604 5400 713 5457 argento
724 5411 847 5458 auroque.
882 5397 918 5444 Et
929 5394 965 5443 sit
976 5396 1101 5444 Sabinos:
1113 5410 1160 5444 an·
1196 5395 1353 5454 pedulesque
1364 5401 1390 5443 et
1401 5398 1501 5458 impilta
1514 5398 1594 5445 restis
1605 5399 1664 5445 loeo
1675 5402 1744 5461 suut,
1753 5399 1813 5456 quia
1822 5402 1925 5459 partem
1934 5401 2063 5463 corporis

310 5463 1158 5529 roargentorecedere3eienlmecdit,cuiosmaiorestspeeies.
1196 5465 1322 5510 vestiunt.
1358 5464 1416 5511 Alia
1428 5468 1554 5514 causaest
1566 5467 1694 5523 udouum,
1717 5466 1868 5531 quiausum
1885 5466 2063 5518 aalma.

312 5532 388 5591 Quod
398 5537 470 5580 recte
481 5544 645 5591 expressum3
665 5545 766 5591 semper
776 5534 845 5581 enim
856 5546 912 5580 cnm
923 5530 1078 5594 quaerimus,
1099 5533 1159 5591 qnid
1194 5535 1276 5578 torum
1297 5536 1439 5589 praestant.
1476 5536 1499 5595 5.
1520 5537 1547 5589 hs
1565 5534 1708 5582 ceruicalia
1726 5547 1826 5595 quoquc
1847 5532 1931 5581 restis
1947 5537 2063 5586 nomin

311 5600 353 5647 eal
363 5600 447 5657 cedat,
470 5600 535 5646 illud
547 5603 703 5660 spectamus,
724 5600 783 5660 quid
795 5601 866 5647 euius
881 5601 921 5646 rei
938 5600 1070 5649 ornandae
1081 5614 1159 5647 caoss
1192 5599 1370 5647 continentur.
1391 5602 1414 5660 5.
1429 5604 1451 5648 6.
1465 5601 1493 5648 Si
1506 5601 1563 5661 quis
1574 5601 1715 5650 addiderit:
1726 5609 1820 5650 resecas
1830 5615 1918 5662 uass,
1932 5610 2062 5668 apparet,

308 5667 470 5729 adhibeatur,
483 5672 512 5714 ot
522 5667 637 5716 accessio
648 5668 721 5714 seht
730 5667 877 5727 principali.
891 5667 990 5713 cedent
1001 5667 1082 5727 igitur
1088 5680 1158 5726 gem·
1192 5667 1224 5714 de
1235 5680 1265 5714 ea
1275 5680 1333 5714 eum
1344 5669 1465 5729 sensisse,
1484 5682 1556 5726 quam
1568 5669 1623 5728 ipse
1634 5670 1661 5715 in
1671 5683 1733 5716 nans
1743 5682 1806 5715 snos
1815 5668 1956 5718 habuerit.
1998 5676 2024 5736 ς,
2036 5675 2061 5720 t.

309 5746 365 5782 mae
375 5732 471 5795 phialis
482 5734 523 5783 rel
536 5732 662 5795 lancibus,
683 5734 799 5781 inclusae
809 5747 873 5782 auro
884 5738 1035 5793 argentove.
1072 5737 1154 5795 514.
1191 5735 1307 5784 Culcitae
1322 5735 1400 5783 etiam
1418 5737 1595 5785 restiserunt.
1631 5739 1655 5798 5.
1667 5740 1692 5783 8.
1714 5738 1776 5784 item
1787 5736 1872 5796 pelles
1882 5740 2063 5797 caprtmee

309 5803 361 5851 Sed
372 5803 553 5853 etiuccronis
562 5815 708 5853 mensarum
718 5816 831 5864 gemmae
844 5803 950 5851 coronis
961 5803 1062 5868 cadent,
1073 5805 1099 5851 et
1108 5797 1156 5852 bss
1190 5804 1302 5865 agninae
1312 5803 1393 5851 restis
1405 5806 1490 5853 munt.
1526 5807 1550 5866 5.
1562 5808 1586 5852 u.
1598 5804 1720 5853 Muliebri
1731 5808 1803 5852 reste
1814 5802 1907 5862 legata
1920 5807 2061 5856 etim-
