4356 6440
350 349 438 409 DlG.
465 349 537 408 vrt.
572 350 597 410 t.
631 352 689 411 tte*
715 354 989 424 detinuere,
1024 354 1082 415 tt'r
1108 353 1454 425 tuuututtobutt
1478 360 1572 417 Ero.
1654 306 1663 321 ι

112 496 261 545 mernor
271 492 616 562 tundorerreuturieiper,
631 496 795 556 eririrthm
805 498 945 548 ritrelon·

109 562 189 623 [reri¹
199 562 316 609 bomiuir
325 567 373 609 ert.

113 674 118 685 ,
154 630 237 676 hvll.
258 628 466 690 Papirianae
485 632 553 683 tttro
577 634 638 683 tut.
657 636 856 697 iterpurrerure.
891 636 945 682 lie-

106 695 192 746 niuttr
201 697 348 745 itucturrio
360 698 511 763 prredium,
522 704 591 759 qued
600 703 626 752 ei
636 717 684 762 per
692 705 878 752 urumiructurt
888 716 945 751 rer-

106 765 210 825 riebet,
222 763 340 827 haurit,
350 765 426 827 idque
436 769 571 826 proculiunt
580 770 740 827 eliquerndin
751 782 896 830 purrerrum
905 771 945 819 le-

105 830 226 893 prurio·
236 833 377 882 rectituere
387 833 458 897 ilio,
480 837 525 893 qul
536 850 638 887 crurum
648 838 784 887 iuotttciori
796 838 945 887 tettementi

105 902 172 948 rente
184 901 347 964 pertuterit,
367 909 473 951 eorotrr
483 908 533 951 ert.
567 904 695 953 btrnrirre
709 908 807 954 truetnr
824 907 864 953 iur
875 906 946 954 inte-

106 978 179 1029 μα
198 982 236 1017 ex
252 970 381 1029 purttrcto
398 971 527 1031 epperuit.
569 974 593 1032 1.
613 974 635 1019 1.
656 973 707 1021 Per
720 974 946 1025 ddeimmmtrrnm

105 1038 191 1085 lruetu
214 1038 382 1096 prrediurum
402 1041 434 1086 ob
455 1038 577 1087 rlirneutr
593 1037 698 1089 libcrttr
713 1041 814 1105 relicto,
836 1042 948 1101 partium

106 1105 312 1153 emolumentum
322 1119 356 1152 ex
375 1119 488 1165 perrone
502 1106 560 1154 rite
573 1108 752 1157 decedentium
766 1110 798 1158 rd
814 1109 946 1157 dominum

106 1171 276 1233 proprietati·
286 1172 407 1221 recurrit.

150 1240 248 1287 bviii.
271 1238 441 1289 Scaeuola
456 1243 525 1289 dibre
543 1243 598 1291 111.
612 1244 811 1304 Rerporeerrtrr.
845 1245 945 1291 Delum

106 1310 142 1357 cte
151 1305 304 1355 tructurrir
313 1321 400 1356 mettre
409 1309 554 1371 Decembri,
564 1310 615 1358 irm
626 1311 744 1358 omnibur
755 1312 890 1373 tructibur,
901 1311 945 1369 oni

106 1378 132 1423 iu
144 1375 187 1421 hir
198 1372 275 1432 egrir
286 1380 473 1438 urrcerentur,
492 1390 580 1425 mettre
590 1378 697 1425 Octobri
708 1393 754 1437 per
764 1380 874 1426 colonor
884 1379 944 1425 rub·

106 1443 171 1503 trtir,
181 1441 334 1501 queerituur
344 1448 397 1493 ert:
408 1448 493 1492 utrum
503 1444 594 1502 prurio
605 1445 694 1493 heredi
705 1446 866 1494 humuerine
876 1444 945 1492 rolui

107 1511 228 1559 deberett
249 1509 367 1566 quereri·
382 1512 525 1560 trueturrie
535 1516 597 1559 ente
607 1512 737 1560 lirleudrr
746 1514 868 1573 birrtinr,
886 1512 944 1573 qui-

108 1582 149 1625 iur
157 1575 304 1637 peurieuer
315 1578 408 1627 iulet-ri
419 1580 553 1642 dmebrut,
561 1580 711 1641 decurrerit,
718 1594 752 1629 en
764 1580 845 1627 utvttt
853 1581 945 1628 deberi

106 1645 172 1693 inter
180 1644 308 1693 heredem
319 1645 487 1707 tructurrire,
501 1650 528 1693 et
540 1646 732 1710 rempublicrm,
744 1648 785 1695 eui
797 1649 944 1707 preprieter

107 1712 257 1772 bprtrerti
278 1712 424 1772 lterpendi:
446 1714 630 1773 rempublicam
650 1714 751 1772 quidem
771 1728 827 1762 cum
847 1715 943 1764 colono

108 1780 203 1827 uultum
214 1778 347 1827 rctlun'cm
356 1780 460 1843 hebere,
473 1780 634 1829 truetnrrire
643 1794 707 1830 rere
717 1782 834 1831 heredem
845 1794 892 1829 rur
901 1782 944 1831 die

107 1846 245 1895 mudum
252 1849 712 1910 empurepropouereuturiuteprrm
723 1849 873 1909 peurionem
884 1863 944 1908 per-

107 1918 247 1975 cepturum.
285 1915 309 1973 §-
328 1916 349 1960 l.
371 1915 521 1976 Sempronio
531 1918 563 1963 do
573 1918 628 1977 lege
639 1930 675 1964 er·
690 1919 799 1965 reductu
806 1920 944 1982 flmmeum

107 1983 181 2031 elec-ir
194 1987 225 2027 rt
232 1982 381 2041 porrirue,
403 1997 470 2044 quoe
477 1983 559 2031 babeo
569 1985 596 2030 r'r
605 1987 819 2048 eprofet-ruric,
837 1990 943 2044 portent

107 2055 217 2098 restem.
253 2046 410 2100 Qureritur:
427 2064 460 2097 en
471 2050 512 2098 hir
521 2051 608 2099 rerbir
619 2051 779 2098 rruriructur
789 2051 892 2110 legetur
904 2051 943 2098 ri·

107 2117 214 2164 derturt
235 2114 384 2172 lterpondi:
401 2129 455 2165 nou
466 2118 662 2178 urumiructum‚
673 2119 718 2166 red
728 2132 760 2167 ex
773 2132 813 2179 eo,
824 2119 891 2175 quod
901 2132 943 2165 re-

107 2183 207 2230 dretnm
227 2188 309 2241 erret,
329 2185 428 2242 pertem
446 2185 566 2244 tegetem.
601 2188 668 2232 item
687 2186 828 2243 qureritum
848 2188 900 2233 ert:
920 2185 944 2231 ri

107 2252 271 2299 rrurlruetur
281 2262 334 2296 uou
345 2254 428 2311 erret,
450 2265 483 2298 ru
494 2252 635 2309 quotenuir
646 2256 745 2311 pertem
755 2258 856 2300 rentem
867 2251 943 2299 rede-

107 2322 170 2366 etur
182 2317 332 2377 legereritl
350 2318 495 2377 llerpondi:
513 2320 653 2377 quotunuir
664 2320 747 2367 uideri
758 2320 891 2382 relietum,
902 2319 944 2366 ul-

107 2385 302 2433 rieuntrrrinut
311 2384 460 2444 specialiter
470 2388 502 2433 eb
513 2385 606 2434 herede
618 2388 750 2445 probetur.

155 2452 224 2499 htx.
246 2452 377 2500 Paretur
395 2454 462 2501 litero
478 2452 534 2498 111.
552 2453 752 2501 Sententiarum.
787 2451 901 2503 Arborer
916 2456 943 2504 rt

107 2519 284 2582 tempestatis,
304 2533 359 2565 non
370 2520 446 2578 culpe
455 2520 591 2567 tructuerii
603 2534 717 2584 eterrrr,
737 2520 768 2568 eb
779 2536 811 2570 eo
819 2523 943 2569 rubrtitni

106 2601 158 2635 run
175 2587 268 2646 plroet.
305 2587 328 2647 p
348 2590 370 2633 t.
393 2586 523 2647 Quidquid
539 2587 566 2634 iu
582 2588 804 2653 conuerteretur,
815 2589 858 2636 rel
868 2589 943 2646 quid-

105 2655 236 2715 quitliude
247 2654 403 2715 percipitur,
421 2656 453 2701 rd
472 2654 641 2702 irretuerium
656 2657 781 2716 pertiuet;
802 2657 943 2715 peurioner

104 2735 206 2779 qnoque
218 2721 270 2767 irnr
279 2725 358 2768 enter
369 2721 514 2769 lourturum
524 2734 654 2787 rgrerurr,
665 2723 687 2770 ri
698 2724 769 2782 iprre
777 2737 878 2783 quoque
885 2737 943 2784 rpe-

104 2789 209 2836 eirliter
220 2788 420 2849 compreheurre
437 2789 498 2835 rint.
535 2790 587 2837 Sed
602 2792 629 2837 et
644 2790 676 2837 nd
691 2791 835 2850 exemplum
851 2791 943 2838 rendi.

104 2858 196 2917 fluum,
202 2856 257 2903 uiri
267 2856 363 2903 luerint
372 2856 524 2915 rpeclriiter
534 2860 667 2919 creeptee,
679 2861 765 2917 putert
776 2858 942 2906 urntructue-

102 2923 159 2971 rirr
175 2924 361 2971 eoudoctorem
370 2924 508 2982 repellere.
544 2926 567 2984 9.
587 2930 612 2973 ².
634 2926 729 2973 crrrre
747 2925 883 2972 ernudinir
900 2927 942 2974 rel

102 2992 158 3050 prii
170 2989 364 3051 compendium,
375 2991 397 3037 ri
410 2991 438 3037 iu
449 3005 481 3038 ee
490 3004 592 3050 quoque
603 2992 678 3040 tundi
690 2992 802 3052 veetipnl
812 3007 869 3041 erre
879 3007 943 3041 con-

102 3059 204 3116 ruerit‚
216 3059 250 3104 ed
260 3058 424 3105 irre-turrium
435 3058 558 3117 pertinet.

158 3124 216 3172 tot.
239 3126 326 3171 Idem
335 3126 399 3171 titre
412 3123 438 3171 i'.
452 3126 655 3174 sementiam.
681 3127 858 3187 Cniurcunque
870 3126 944 3176 tundi

102 3189 320 3240 uutrueurtrr
348 3191 490 3249 prohibitur
515 3196 560 3239 rut
585 3194 700 3241 deiectur
727 3195 758 3242 de
777 3196 943 3243 rertituttooe

103 3257 232 3307 omnium
246 3270 330 3305 rerum
347 3257 419 3306 riuul
433 3263 616 3318 oecuprtrrnm
630 3265 705 3319 rget3
728 3262 773 3309 retl
788 3266 814 3309 et
825 3263 847 3308 ri
858 3263 943 3309 medio

103 3333 230 3386 tempore
241 3325 296 3372 eliu
306 3337 363 3371 urru
373 3325 534 3375 interciderit
545 3328 717 3385 ururtructur,
724 3342 804 3385 reque
814 3330 845 3376 de
854 3344 943 3388 perce·

101 3395 159 3455 ptir
170 3398 253 3440 enter
263 3392 389 3439 tructihur
400 3396 474 3442 utilir
483 3394 553 3442 rotie
565 3394 697 3445 tribuitur.
734 3397 757 3455 ς.
768 3398 788 3442 Ι.
800 3396 829 3442 si
838 3398 943 3459 tundur,

101 3464 178 3511 ntur
190 3461 355 3507 urortruetur
364 3463 471 3524 petitur,
482 3476 535 3509 uon
548 3477 563 3511 e
574 3462 679 3509 domino
691 3463 862 3525 perridertur,
874 3464 943 3511 ectio

101 3529 233 3577 redditur.
269 3528 304 3573 lit
314 3527 371 3577 idco
382 3529 446 3576 ride
457 3530 531 3576 tundi
542 3529 703 3589 proprietate
714 3529 783 3577 inter
793 3531 858 3578 duur
865 3544 943 3588 quee-

103 3597 156 3644 rtie
166 3596 216 3656 rit,
228 3595 386 3642 trueturriur
395 3596 565 3644 nihilominur
576 3596 603 3643 iu
614 3597 779 3655 portentione
790 3612 846 3646 erre
858 3598 943 3655 debet,

103 3664 219 3721 retirque
233 3662 258 3708 ei
268 3675 284 3708 r
294 3674 445 3722 perterrere
455 3664 598 3711 eruendum
608 3667 656 3725 ert,
667 3665 734 3723 qnod
745 3677 798 3711 uon
810 3666 845 3711 rit
854 3665 942 3724 prohi-

103 3731 205 3779 biturur
215 3729 271 3777 trui
281 3743 355 3792 eum,
367 3731 407 3778 cui
418 3732 582 3779 ururiruetur
592 3731 702 3777 relictur
713 3735 769 3795 ert,
781 3731 901 3791 qurmdiu
911 3732 943 3778 de

103 3798 160 3847 inre
169 3811 219 3845 roo
230 3798 366 3855 probetur.
400 3799 451 3845 Sed
462 3799 484 3846 ri
496 3799 545 3857 ipri
557 3798 750 3849 nrulructurrlu
760 3799 876 3860 qurertio
887 3812 943 3846 mo·

103 3870 210 3925 rentur,
228 3865 336 3911 iuterim
348 3867 512 3913 ururtrnrtrr
524 3865 581 3912 eiur
592 3866 728 3925 dittertur3
746 3867 791 3914 red
801 3866 887 3914 enveri
898 3867 943 3913 de-

105 3934 188 3981 bctde
198 3933 365 3980 rertitueutlo
376 3947 421 3993 eo,
444 3933 512 3992 quod
528 3946 562 3981 ex
580 3933 620 3979 hlr
638 3934 765 3981 tructibnr
775 3938 943 3994 percepturur

105 4008 151 4063 eet,
160 3999 203 4046 rel
215 4000 239 4046 ri
251 4000 316 4046 retir
327 4013 381 4046 nou
392 4000 476 4062 detur,
487 4001 542 4059 ipre
553 3999 606 4047 trui
616 4002 786 4059 permittitur.

151 4066 221 4113 bxi.
242 4068 489 4115 Neretterb'bre
498 4068 538 4114 tt.
549 4069 751 4127 Resporrorurt.
772 4068 943 4117 Urutruetur·

106 4133 268 4181 riurnorum
279 4135 364 4182 rtrum
375 4134 517 4194 perietibnr
528 4148 582 4182 nun
594 4140 681 4195 potert
692 4136 832 4195 imponere.
863 4135 942 4183 Aedi-

105 4202 189 4248 tcium
200 4202 351 4249 inchoetum
361 4202 532 4251 iruetnrrium
543 4216 721 4252 conrnmmrre
730 4217 784 4252 nou
794 4217 870 4265 porre
885 4203 943 4263 plr-

105 4274 151 4326 eet,
163 4268 271 4316 etirmri
281 4283 314 4318 eu
325 4270 383 4316 leco
395 4270 474 4319 aliter
484 4269 522 4315 uti
533 4283 587 4317 nuo
598 4273 695 4331 porrlt;
706 4274 751 4321 red
761 4285 809 4319 uec
819 4272 874 4318 einr
885 4269 943 4330 qui-

107 4335 157 4383 dem
173 4338 365 4384 urumlrueturr
382 4350 454 4397 erre,
475 4337 527 4382 uiri
545 4337 572 4383 lo
583 4340 767 4387 constituendo
779 4339 820 4386 rel
832 4338 943 4399 legendo

107 4403 239 4450 mrtruetu
251 4402 942 4466 hocrpecirliterrdiectumrit,ututrumqueeiliceet.

151 4471 233 4519 biiii.
268 4471 510 4533 Tryphertnur
536 4473 604 4519 libro
633 4473 695 4520 VH.
720 4476 942 4537 Dirprtetr'orrrr.

107 4538 331 4587 ltrutrueturriuru
341 4539 432 4590 teneri
441 4539 471 4587 in
482 4538 593 4587 reltibur
606 4541 646 4588 rel
656 4542 788 4589 montibur
798 4539 943 4601 pomoerio-

109 4605 159 4666 uir,
175 4608 258 4666 probe
268 4606 382 4665 dicitur;
399 4619 448 4653 uec
458 4618 548 4665 iprum
559 4610 604 4654 eut
614 4621 732 4667 cervom,
752 4623 826 4669 quero
835 4606 943 4670 ceperit,

108 4674 240 4733 proprium
250 4674 349 4721 hmini
359 4672 436 4736 cepit,
447 4674 491 4722 red
503 4674 601 4722 tructur
611 4679 657 4721 rut
668 4674 723 4725 iure
735 4676 818 4738 civili,
825 4680 869 4722 rut
880 4687 943 4735 gen-

111 4741 168 4788 dum
176 4755 241 4789 ruer
252 4742 324 4790 tneit.
363 4744 387 4802 5.
400 4742 422 4788 l.
434 4741 463 4788 Si
476 4740 584 4789 rit'nriir
594 4743 713 4790 inelurre
722 4744 793 4792 terre
802 4744 831 4789 in
842 4756 874 4791 en
883 4754 943 4802 por·

109 4810 219 4857 moue
233 4809 460 4869 crrtotliehrrrtur‚
484 4809 758 4868 qunndoururlructur
768 4809 871 4870 eoepit,
889 4821 943 4856 nou

112 4886 230 4926 meruere
240 4891 285 4924 err
296 4875 457 4924 tructueriur
467 4879 564 4938 potert,
585 4890 638 4925 uon
651 4877 777 4926 occidere.
813 4876 900 4937 Alter,
920 4875 943 4922 rl

110 4954 168 5002 qrrr
176 4943 258 4992 iuitie
271 4944 410 4992 inclurerit
420 4943 508 5003 operlr
519 4944 588 5004 ruir,
609 4945 652 4992 uel
662 4946 720 5003 port
731 4944 753 4991 ri
765 4943 890 5004 metiprre
901 4942 943 4990 in-

111 5009 214 5061 etiaim
233 5011 389 5071 delrpreete
409 5012 522 5070 tuerint3
550 5012 599 5058 bre
624 5012 760 5059 fructuarii
786 5011 852 5059 iurir
872 5014 941 5059 runt.

111 5076 316 5127 Crmotmtme
326 5083 429 5141 temen,
450 5092 483 5126 ue
500 5091 546 5137 per
562 5079 667 5139 riopulr
677 5078 802 5126 ruimnlir
811 5079 943 5128 incultrtir

111 5145 252 5207 trreturii,
258 5151 368 5207 prepter
377 5146 559 5194 diecretioueru
570 5146 749 5208 tttttcttem‚tur
760 5145 888 5193 incertum
898 5146 942 5209 rit,

111 5212 212 5277 abrit,
230 5214 343 5263 undem
352 5227 487 5262 numerum
497 5227 544 5272 per
554 5213 658 5271 uinculo
667 5227 782 5274 querque
797 5227 893 5273 genere
904 5213 941 5260 te·

110 5290 190 5330 ntum
198 5278 278 5330 inito
289 5282 427 5331 urutruetu
439 5281 545 5329 domino
556 5280 727 5341 proprtecettr
738 5281 886 5346 rorigone,
898 5279 943 5338 qut

110 5345 248 5409 triteoeptl
256 5348 420 5397 rmrtruetur
432 5352 556 5409 tempore.

155 5414 246 5469 lam.
273 5416 407 5467 Perire
434 5417 500 5467 bbro
528 5419 658 5480 argutari
675 5419 706 5465 de
723 5418 787 5466 lure
806 5416 942 5478 ringulam.

112 5478 183 5537 Η
192 5486 315 5535 Μήτι
332 5497 387 5533 nou
398 5486 453 5547 ert,
474 5485 660 5534 inniteremur
670 5486 703 5533 ed
713 5485 795 5543 ellor3
815 5484 897 5532 veluti
909 5484 942 5545 ir,

112 5546 266 5607 murtea
274 5552 363 5616 lubet,
374 5564 521 5613 qumquem
530 5554 718 5603 nrumtruetum
728 5566 782 5600 nou
792 5552 891 5614 hebent,
902 5554 942 5597 tr-

111 5620 360 5671 umbertum
369 5621 460 5669 cedere
469 5622 566 5680 poteri.

151 5684 235 5737 ΒΝ.
258 5688 428 5750 Ulpiurer
445 5688 513 5736 libro
529 5687 576 5736 LI.
593 5690 630 5736 ud
647 5687 777 5737 Edictum.
808 5689 870 5734 Cum
887 5686 942 5732 tru-

112 5752 218 5805 enlm
235 5760 343 5818 peretur
359 5758 400 5805 ert
417 5755 604 5806 urumtruetnm
621 5756 819 5822 derelinquere,
839 5767 892 5802 non
902 5755 943 5801 ert

1780 362 1830 423 iti

997 503 1128 563 mpertrr
1138 502 1242 552 demum
1251 502 1371 566 reicere,
1380 501 1410 550 lu
1421 503 1513 563 quibu·
1523 502 1623 553 mribur
1633 503 1660 552 et
1669 501 1833 553 uniretur·

997 570 1038 617 rio
1050 571 1099 619 boe
1109 583 1177 618 eunr
1187 570 1321 619 incumbit.
1357 572 1409 619 Sed
1424 575 1451 619 et
1461 576 1520 631 port
1529 576 1662 631 receptum
1670 574 1762 619 contre
1774 585 1833 620 euru

997 637 1130 702 iudicium,
1137 642 1229 698 prrrto
1239 638 1382 686 troctuurio
1400 639 1578 700 derelinquere
1589 639 1784 704 urumtruetum,
1792 639 1832 686 di-

997 705 1106 752 cendum
1116 708 1156 752 ert
1178 705 1277 753 ebrolri
1290 718 1348 753 eum
1357 706 1450 754 debere
1460 719 1476 753 r
1488 708 1579 754 iudice.

1048 771 1125 818 lrxv.
1146 740 1349 834 rio-aponius
1364 774 1430 821 Itbro
1448 773 1476 820 Υ.
1497 788 1533 822 ee·
1544 774 1662 823 Plautio.
1696 775 1841 834 Sedunum·

998 838 1157 887 tructueriur
1178 841 1287 902 debcrt,
1307 840 1377 899 quod
1391 854 1441 890 ruo
1458 853 1615 900 rubrumque
1631 844 1700 891 tecto
1717 843 1833 892 deterior

998 907 1094 954 tectum
1103 906 1153 971 rlt,
1169 908 1290 968 reticere,
1306 919 1361 953 uon
1373 913 1413 956 ert
1423 910 1609 973 inuitentur,
1631 911 1692 959 licet
1702 913 1832 960 urumirn-

998 977 1068 1022 etum
1086 974 1266 1034 derelinquere
1285 976 1444 1033 prrrturrit.
1478 977 1560 1025 Debet
1570 978 1639 1027 enim
1655 991 1745 1043 omne,
1764 980 1833 1036 quod

997 1042 1110 1101 diligent
1127 1040 1495 1102 prterhmitiutnrnruomo
1514 1045 1592 1106 tecit,
1613 1049 1639 1092 et
1660 1045 1715 1104 ipre
1734 1047 1830 1095 iecere.

998 1111 1021 1169 ς.
1036 1112 1057 1155 l.
1078 1112 1138 1156 Nou
1149 1110 1313 1170 meginherer
1324 1110 1430 1158 relieere
1440 1112 1530 1173 dehet,
1552 1111 1621 1169 quod
1638 1116 1767 1160 veturtrte
1781 1113 1832 1160 inm

998 1176 1112 1223 deterior
1123 1179 1218 1224 tectum
1231 1176 1381 1234 reliquirret
1392 1181 1516 1240 terteter,
1526 1191 1601 1234 anm
1611 1178 1634 1224 ri
1645 1180 1832 1239 proprietntcm

997 1243 1076 1291 elicui
1087 1248 1198 1292 tertrtor
1211 1244 1333 1303 legaret.

1047 1311 1135 1358 Lilvl.
1153 1312 1285 1360 Perire
1304 1312 1372 1359 libro
1391 1309 1468 1359 XXI.
1480 1311 1654 1359 adlidietnrr.
1689 1314 1752 1361 cum
1769 1327 1832 1361 uru-

996 1379 1143 1428 lructurrio
1153 1393 1206 1427 uou
1219 1378 1303 1426 tolum
1314 1378 1380 1438 legir
1389 1377 1511 1435 Aqutttee
1523 1378 1592 1426 ectio
1611 1382 1757 1439 competere
1774 1386 1832 1440 pot-

997 1448 1046 1509 ert,
1052 1448 1099 1495 red
1109 1451 1135 1495 et
1146 1448 1214 1496 cervi
1226 1445 1344 1506 corrupti
1354 1449 1381 1494 et
1391 1444 1583 1510 iniurierum,ri
1594 1458 1698 1494 rerrum
1708 1450 1833 1505 torqueu-

996 1514 1030 1563 do
1040 1515 1196 1562 deteriorem
1207 1513 1307 1562 lecerit.

1037 1582 1139 1629 hxvrt.
1160 1582 1179 1629 1
1185 1583 1319 1629 rtienur
1339 1581 1406 1628 libre
1417 1580 1441 1628 1.
1453 1595 1488 1627 er·
1497 1580 1611 1630 Meitieio.
1646 1580 1695 1628 Cui
1711 1583 1832 1629 urnrtru-

996 1650 1052 1696 ctur
1062 1649 1165 1709 legetur
1177 1652 1229 1713 ert,
1236 1648 1318 1717 ptirur
1328 1647 1414 1695 inrito
1424 1649 1519 1696 herede
1529 1661 1588 1696 euru
1597 1651 1724 1697 extrrueo
1736 1650 1831 1697 vende-

995 1721 1128 1776 repetert.

1046 1783 1160 1831 hxvttt.
1181 1784 1207 1832 U
1211 1786 1224 1831 1
1224 1786 1348 1844 pierre
1358 1785 1426 1832 libre
1437 1783 1529 1831 xm.
1538 1785 1576 1832 ed
1586 1783 1717 1831 debirent.
1751 1784 1832 1831 l'etur

995 1850 1047 1897 luit
1057 1851 1188 1911 qurcrtio:
1209 1864 1242 1898 ru
1253 1852 1344 1911 portur
1354 1851 1386 1898 rd
1401 1852 1573 1899 tructoerium
1586 1851 1749 1911 pertineretl
1782 1852 1833 1898 Sed

996 1918 1070 1965 llruti
1080 1918 1211 1966 reutentie
1223 1918 1350 1979 obtinuit,
1362 1918 1533 1966 tructuerium
1545 1919 1573 1965 iu
1584 1931 1615 1965 eo
1626 1920 1713 1966 locum
1723 1930 1775 1965 uon
1787 1919 1833 1965 he-

996 1986 1065 2033 bere.
1100 1986 1189 2043 Neque
1207 1985 1317 2033 enimin
1332 1986 1420 2032 iruetn
1438 1985 1551 2033 homiuir
1561 1986 1638 2033 bomo
1654 1999 1711 2035 erre
1729 1988 1832 2045 potem,

996 2052 1156 2100 imatione
1171 2066 1220 2103 nec
1236 2054 1423 2100 urnmtruetom
1440 2053 1469 2099 in
1489 2066 1520 2100 eo
1541 2053 1698 2100 tructurriur
1719 2053 1832 2100 hebebit.

995 2119 1063 2172 (tuiti
1075 2123 1173 2182 temen,
1193 2119 1215 2165 ri
1232 2119 1311 2167 tuerit
1328 2119 1406 2167 etiem
1420 2126 1510 2181 pertur
1528 2120 1689 2167 urnrtrnetur
1704 2119 1833 2169 relicturi

995 2186 1130 2234 ruhrbeet
1141 2188 1167 2234 in
1179 2200 1210 2235 ee
1227 2189 1432 2236 urumtructumt
1453 2187 1487 2234 Et
1502 2200 1579 2245 quum
1592 2186 1674 2246 porrit
1691 2191 1779 2246 purtur
1794 2188 1833 2236 lc·

995 2253 1060 2316 pert,
1070 2255 1167 2313 poterit
1177 2259 1203 2302 et
1213 2256 1375 2302 urnrtmetur
1385 2256 1449 2303 einr.
1484 2255 1508 2314 9.
1529 2258 1550 2302 l.
1572 2254 1650 2302 Fetor
1661 2258 1746 2301 tumen
1756 2269 1833 2314 peco-

995 2334 1052 2368 rrm
1063 2321 1175 2369 Subiuur
1186 2325 1213 2369 et
1223 2322 1326 2369 cerrinr
1337 2322 1435 2382 opinuti
1448 2324 1509 2368 runt
1519 2322 1551 2368 ed
1567 2321 1736 2369 tructurrium
1752 2323 1832 2380 perti·

995 2402 1066 2436 uere.
1103 2389 1126 2449 1.
1138 2394 1162 2436 2.
1174 2389 1256 2436 Plrue
1268 2390 1290 2436 ri
1304 2388 1390 2448 greglr
1401 2389 1443 2435 rel
1454 2389 1563 2435 ermenti
1575 2389 1608 2435 rit
1621 2388 1782 2435 ururtruetur
1793 2388 1832 2436 le-

995 2459 1085 2518 getur,
1105 2455 1251 2505 debebitur
1262 2455 1331 2503 nrtir
1342 2469 1446 2516 gregem
1456 2455 1591 2517 rupplerc,
1612 2455 1639 2502 id
1652 2460 1692 2503 eut
1702 2455 1730 2501 iu
1745 2455 1832 2503 locum

996 2523 1107 2582 cupitum
1119 2523 1305 2585 detunctorum,

1045 2589 1137 2636 lrxlli.
1154 2589 1474 2652 Peroportrrlibrei'.
1485 2589 1522 2636 etl
1530 2589 1665 2637 Sabinum.
1690 2591 1738 2639 Vei
1749 2590 1832 2637 inuti-

995 2656 1058 2704 lium
1069 2657 1123 2704 elie
1134 2657 1300 2721 rubmittere,
1321 2660 1350 2703 ut
1360 2662 1419 2718 port
1429 2657 1570 2704 rubetitutn
1580 2657 1644 2703 flent
1654 2658 1760 2718 propriu
1776 2659 1832 2705 tru-

995 2725 1098 2785 cturrii,
1108 2738 1141 2772 ne
1152 2725 1225 2773 lucro
1236 2739 1268 2773 er
1276 2738 1319 2773 rer
1329 2725 1402 2772 eedrt
1412 2724 1527 2773 domiuo.
1562 2724 1598 2770 Et
1607 2725 1675 2772 ricut
1691 2725 1833 2772 rubetitutr
1902 2738 1907 2748 ·

995 2793 1083 2839 rtatim
1094 2793 1192 2855 demiui
1202 2793 1282 2856 liunt,
1303 2793 1342 2839 itr
1352 2793 1441 2851 priore
1451 2805 1551 2849 quoque
1569 2805 1603 2839 ex
1618 2792 1714 2839 netnre
1730 2794 1832 2841 leuetur

996 2859 1117 2906 deriuunt
1128 2859 1184 2906 einr
1193 2874 1258 2909 erre.
1284 2861 1349 2907 Nem
1360 2859 1477 2918 elloquio
1490 2860 1557 2919 quod
1567 2860 1684 2908 ducitur
1694 2859 1832 2909 tructuerii

995 2931 1044 2988 ert,
1055 2930 1147 2974 etcum
1158 2927 1302 2991 rubetituit,
1319 2926 1414 2975 deripit
1425 2928 1482 2974 einr
1492 2940 1557 2976 erre.

1045 2993 1124 3041 Lxx.
1145 2995 1309 3054 [Πρίαμε
1324 2995 1390 3041 libro
1401 2994 1488 3041 XVII.
1500 2995 1537 3041 uti
1546 2994 1675 3042 Satricum.
1710 2996 1778 3050 Quid
1789 3009 1830 3043 er·

995 3072 1038 3121 go,
1048 3060 1071 3107 ri
1081 3073 1134 3107 uon
1144 3061 1239 3119 iecirt,
1250 3076 1297 3109 uec
1307 3061 1443 3119 rupplertt
1478 3062 1572 3108 Terreri
1585 3074 1640 3107 eunt
1651 3062 1832 3123 proprietario,

995 3127 1072 3175 Criur
1085 3128 1189 3173 cerrinr
1201 3128 1289 3174 rcribit
1301 3128 1368 3173 libre
1379 3127 1477 3176 decimo
1488 3127 1555 3173 lurir
1566 3128 1660 3174 eit‘ilir.
1696 3131 1719 3188 p.
1742 3132 1764 3174 l.
1786 3130 1830 3174 lu-

996 3195 1071 3242 turim
1083 3199 1178 3257 tumen,
1197 3195 1316 3251 anmdiu
1328 3193 1511 3241 rubntittuutur
1522 3200 1547 3240 et
1559 3193 1726 3251 rupplcuutur
1736 3194 1830 3256 cupite,

995 3274 1060 3320 qure
1071 3263 1205 3308 dernortur
1214 3266 1282 3323 runt,
1294 3260 1368 3307 euiur
1378 3260 1412 3305 rit
1424 3261 1512 3306 teturt
1528 3260 1671 3317 quaeritur.
1705 3260 1739 3307 lit
1750 3260 1830 3307 luliu-

995 3342 1044 3376 uur
1063 3329 1130 3375 libro
1148 3328 1278 3376 tricerimo
1297 3328 1388 3386 quinto
1407 3327 1571 3385 Digestorum
1592 3325 1695 3373 rcribit:
1717 3328 1829 3387 pendere

996 3408 1085 3445 eorum
1095 3395 1247 3457 dominium,
1258 3400 1297 3458 ut,
1310 3396 1330 3441 ri
1343 3394 1533 3457 rubmittentur,
1554 3395 1607 3440 rint
1617 3394 1795 3455 proprietarii,
1806 3393 1829 3439 ri

996 3463 1258 3525 nonrubmittrntur,
1279 3460 1422 3509 truetnurii.
1459 3462 1532 3515 Quae
1549 3460 1680 3508 rententie
1700 3474 1761 3508 vere
1780 3463 1829 3508 ert.

996 3536 1019 3593 t.
1031 3535 1055 3578 2.
1068 3530 1210 3577 Secundum
1221 3544 1301 3590 oure,
1313 3529 1336 3575 ri
1346 3528 1486 3576 deterrerit
1498 3531 1573 3587 tetur,
1585 3527 1701 3588 periculo
1713 3528 1764 3575 erit
1775 3527 1829 3576 irn-

996 3598 1095 3659 cturril,
1107 3606 1159 3644 uon
1169 3596 1344 3657 proprietarii,
1355 3598 1381 3642 et
1393 3608 1496 3643 necerre
1506 3596 1609 3642 hebebit
1619 3595 1685 3641 ulier
1696 3596 1762 3643 tetur
1771 3595 1830 3641 rub-

995 3665 1106 3713 mittere.
1143 3665 1216 3712 Unde
1227 3665 1303 3711 Ceiur
1314 3662 1417 3709 Cerriur
1427 3663 1495 3710 libro
1507 3666 1598 3709 octrro
1611 3662 1716 3711 rcribit:
1728 3676 1830 3709 curnem
1867 3668 1869 3673 '

996 3734 1062 3780 tetur
1073 3731 1199 3779 demortui
1210 3732 1242 3778 ed
1253 3730 1420 3779 tructurrltrru
1432 3732 1573 3789 pertinere.
1609 3731 1632 3790 9.
1652 3732 1675 3776 ³.
1698 3730 1748 3789 Sed
1764 3729 1831 3789 quod

995 3798 1097 3861 dicitur,
1108 3799 1201 3846 debere
1212 3812 1268 3845 euru
1279 3798 1444 3860 rnbmittcre,
1466 3799 1545 3844 totier
1558 3809 1644 3844 terum
1656 3801 1709 3859 ert,
1730 3797 1830 3857 quotier

995 3865 1090 3925 gregir,
1103 3866 1144 3912 vet
1155 3866 1275 3926 armenti,
1287 3864 1328 3911 rei
1340 3864 1444 3927 equitii,
1466 3864 1493 3912 id
1503 3869 1543 3912 ert
1552 3864 1746 3927 rtrrirerritetir,
1757 3876 1830 3909 uruc-

975 3968 982 3983 .
995 3934 1093 3980 truclur
1103 3933 1203 3993 legatur
1214 3934 1270 3990 ert;
1291 3934 1404 3979 ceterum
1415 3931 1436 3977 ri
1448 3933 1607 3991 cingulorum
1619 3932 1744 3993 crpitum,
1765 3930 1830 3977 nibil

995 4000 1131 4060 repplebit.
1167 3994 1191 4061 d
1203 4002 1227 4046 l.
1250 4001 1311 4046 ltem
1322 4001 1344 4045 ri
1356 4000 1423 4048 torte
1434 4012 1465 4046 eo
1477 4004 1606 4059 ternpore,
1628 4011 1676 4058 ruo
1689 4000 1756 4045 tetur
1767 3998 1830 4046 editi

995 4072 1063 4130 runt,
1075 4067 1142 4113 nibil
1152 4068 1209 4129 tuit,
1221 4067 1287 4127 quod
1298 4067 1413 4113 ruhmitti
1423 4067 1536 4125 deberet,
1550 4070 1655 4113 nuncet
1666 4071 1724 4126 port
1737 4065 1833 4113 editio-

995 4149 1062 4197 nem,
1073 4138 1157 4181 utrum
1167 4144 1201 4182 ex
1210 4134 1260 4196 hir,
1272 4147 1336 4191 qnec
1347 4134 1616 4191 edcntrr‚rnhmittere
1627 4133 1743 4195 debebit,
1754 4146 1786 4178 en
1797 4145 1831 4179 ex

995 4203 1043 4267 hir,
1063 4216 1126 4262 quee
1137 4201 1207 4250 edite
1216 4204 1291 4248 ruutt
1312 4201 1447 4248 videndum
1464 4206 1513 4250 ert.
1548 4202 1615 4247 Puto
1632 4206 1716 4247 nutem
1734 4200 1832 4261 verior,

995 4284 1035 4333 cr,
1048 4282 1111 4327 ane
1121 4268 1201 4328 pleno
1211 4281 1288 4327 grege
1299 4268 1369 4316 edite
1380 4272 1448 4321 runt.
1472 4270 1503 4315 ed
1514 4266 1680 4315 lrncturrium
1692 4268 1830 4327 pertinere,

995 4338 1039 4386 red
1056 4336 1227 4397 pertcriorem
1245 4336 1331 4395 [regio
1347 4349 1433 4382 cerum
1448 4348 1544 4382 nocere
1564 4335 1657 4381 debere
1678 4330 1844 4380 tructunrto.'

994 4408 1018 4467 9.
1032 4408 1054 4451 t.
1066 4404 1224 4452 submittere
1234 4407 1318 4450 rutcru
1329 4402 1391 4449 tecti
1407 4405 1461 4459 ert3
1483 4407 1509 4449 et
1521 4402 1635 4448 lulirnrtr
1645 4396 1748 4460 proprie
1760 4400 1831 4449 dicit.
1899 4408 1903 4419 '

995 4473 1140 4534 dlqrertire,
1151 4476 1177 4519 ct
1187 4470 1312 4531 dividere,
1324 4475 1351 4517 et
1362 4470 1516 4517 diririonem
1528 4469 1652 4528 quendem
1662 4468 1756 4529 iecere,
1765 4466 1833 4523 qued

995 4539 1136 4588 dominium
1146 4539 1197 4587 erit
1206 4538 1389 4584 rubroirrorunr
1400 4537 1575 4597 proprietrrii.

1046 4622 1138 4686 mlxi.
1157 4623 1187 4671 M
1193 4623 1346 4669 ureettur
1367 4622 1436 4668 libro
1450 4621 1538 4667 XVII.
1555 4620 1729 4680 Digestorum.
1765 4616 1792 4661 Si
1804 4615 1833 4662 irr

994 4704 1063 4753 orco,
1072 4690 1143 4738 cniur
1153 4690 1311 4736 ururtruetur
1324 4689 1425 4735 nlienur
1438 4690 1515 4748 erret,
1524 4687 1580 4744 quir
1590 4684 1749 4732 eediiicrrret
1761 4682 1833 4730 intre

995 4764 1108 4820 tempor,
1128 4771 1178 4818 quo
1188 4759 1348 4804 uruttructur
1359 4755 1450 4818 periit,
1473 4753 1606 4814 ruperllcie
1619 4752 1718 4800 rublute
1729 4749 1833 4798 rettitni

994 4827 1185 4887 urumtructrm,
1197 4828 1298 4872 teterer
1309 4823 1510 4882 rerpondernnt.

1044 4910 1151 4957 nxxu.
1173 4910 1344 4968 Ulpianus
1360 4907 1426 4953 libro
1437 4904 1522 4952 xm.
1535 4904 1573 4951 ud
1581 4902 1711 4949 Subriruur.
1747 4902 1775 4949 Si
1786 4903 1833 4950 tlu-

995 4978 1079 5025 mittut
1096 4979 1179 5024 uudee
1195 4973 1361 5037 proprietatio
1380 4974 1564 5020 urumtructum
1583 4971 1723 5033 legaverit,
1744 4983 1833 5017 verum

995 5049 1048 5106 ert,
1068 5046 1135 5102 quod
1145 5044 1293 5091 Mneciruur
1312 5040 1414 5100 rcriprit
1429 5040 1497 5088 libre
1513 5037 1591 5086 tertio
1602 5037 1786 5091 Quaestionum
1802 5036 1835 5084 de

994 5110 1207 5172 fideicommirrir,
1219 5111 1307 5156 velere
1317 5109 1447 5169 lepntuut,
1468 5113 1495 5155 et
1506 5107 1528 5153 ri
1539 5106 1608 5151 torte
1618 5105 1645 5151 iu
1657 5105 1711 5151 rite
1722 5107 1833 5152 terteto-

995 5179 1031 5226 rir
1043 5178 1085 5226 rel
1095 5182 1156 5225 ente
1166 5178 1262 5224 editum
1273 5176 1442 5222 hereditatem
1461 5172 1613 5235 proprie-teti
1630 5174 1728 5220 fructur
1746 5184 1833 5219 eccer-

995 5247 1074 5308 rerlt,
1094 5247 1126 5292 ud
1137 5243 1289 5304 legeturium
1299 5242 1440 5302 pertinere.
1476 5243 1536 5288 Plur
1547 5239 1659 5287 ndmittlt
1669 5240 1835 5287 bieecienur:

995 5312 1097 5361 etiemri
1118 5315 1177 5371 port
1199 5310 1294 5358 editum
1314 5310 1482 5357 hereditatem
1504 5308 1834 5370 eccerrirretururiructur,

994 5380 1096 5429 utiliter
1107 5379 1174 5427 diem
1184 5379 1283 5439 cedere,
1294 5380 1320 5424 et
1330 5378 1362 5424 ed
1373 5376 1525 5436 legeterinm
1536 5377 1679 5435 pertinere.

1044 5462 1162 5511 Lxxttt.
1180 5464 1225 5511 Po
1234 5465 1382 5523 mporiur
1393 5461 1460 5508 libro
1475 5460 1502 5506 V.
1514 5458 1694 5507 roselinum.
1720 5458 1750 5506 Si
1758 5470 1836 5505 erere

995 5534 1157 5580 ururtructur
1169 5531 1270 5591 legetur
1281 5531 1316 5577 rit
1327 5529 1396 5589 mihi,
1408 5540 1484 5589 poree
1494 5542 1535 5575 me
1545 5541 1628 5573 cerem
1641 5526 1675 5572 ibi
1686 5525 1835 5586 aedificare,

996 5601 1129 5648 curtedine
1140 5613 1216 5647 crure
1226 5612 1314 5645 eurum
1324 5609 1417 5657 rerum,
1429 5609 1492 5656 porc
1502 5596 1530 5641 in
1541 5608 1603 5642 eren
1613 5596 1683 5639 runt.

1045 5683 1160 5731 hxxtv.
1181 5684 1285 5730 t'aiur
1304 5682 1374 5728 libre
1392 5679 1454 5728 711.
1472 5679 1510 5726 uti
1524 5678 1645 5725 Edictum
1660 5671 1834 5736 proemcttrte.

996 5750 1024 5799 Si
1034 5750 1124 5799 Sticho
1136 5763 1211 5799 rerto
1222 5752 1283 5815 tuo,
1303 5752 1329 5797 et
1340 5745 1474 5809 Pamphilu
1485 5758 1542 5794 mee
1554 5745 1653 5807 legetur
1663 5740 1742 5789 buerit
1756 5750 1833 5786 urre-
